2942 5100
699 473 857 540 ..16-

170 668 292 734 rentur
322 663 396 754 (l);
427 703 468 714 -
509 660 669 751 denique,
704 684 799 746 cum,
822 659 1015 729 litterarum
1053 657 1170 727 studio
1206 660 1336 747 captus
1369 659 1401 725 et

166 845 203 892 se
253 822 297 892 ad
344 823 480 913 poesim
526 826 646 891 natum
695 819 908 904 existimans,
944 816 1049 888 simul
1087 816 1325 886 admiratione
1368 820 1400 882 et

167 984 388 1053 aemulatione
416 981 582 1052 incensus
601 985 703 1067 esset,
736 979 835 1049 lectis
864 977 1171 1048 celeberrimorum
1201 976 1297 1045 illius
1311 977 1398 1043 tem-

167 1145 264 1236 poris
282 1148 461 1235 poetarum
493 1146 699 1231 Deleuipne
715 1146 750 1211 et
771 1143 993 1212 Lactantius
1024 1139 1205 1223 versibus;
1227 1177 1273 1192 -
1294 1135 1396 1205 nullo

167 1305 271 1374 modo
291 1305 365 1375 fieri
404 1309 540 1397 poterat
577 1303 661 1395 quin
702 1303 976 1374 Sarute-Becco
1003 1300 1126 1370 litteris
1166 1298 1327 1369 colendis
1366 1320 1400 1366 se

168 1466 265 1535 daret
281 1465 337 1536 vel
373 1465 489 1557 potius
524 1488 560 1535 se
590 1465 671 1534 dare
709 1485 919 1555 magnopere
947 1462 1048 1532 vellet
1078 1460 1139 1554 (2).
1180 1460 1242 1530 Dis
1277 1462 1399 1530 autem

167 1627 266 1696 aliter
285 1628 414 1698 visum.

214 1791 292 1880 lpse
308 1790 416 1859 enim‘
431 1788 473 1860 de
498 1791 631 1878 Joaept
645 1792 821 1858 Detorme
858 1789 975 1856 narrat
1014 1785 1221 1854 «rationem
1256 1785 1349 1875 ejuS,
1379 1808 1398 1853 a

167 1950 318 2043 pueritia
372 1950 539 2042 gravibus
588 1948 756 2018 institutis
823 1947 1063 2018 confirmatam
1114 1951 1149 2015 et
1196 1945 1397 2015 vehementi

175 2111 408 2203 cognoscendi
452 2133 567 2180 amore
615 2109 751 2196 fultam,
796 2108 954 2177 obnisam
995 2128 1070 2177 esse
1106 2111 1230 2199 sponte
1272 2105 1397 2175 studiis

172 2275 247 2366 ejus
262 2272 299 2341 in
314 2271 460 2364 poesim,
470 2275 571 2361 atque
583 2292 623 2339 ea
636 2270 684 2338 ita
695 2269 940 2360 compressisse
954 2273 994 2339 ut
1007 2267 1119 2360 lyram
1129 2268 1204 2359 ipse
1215 2267 1397 2358 confrege-

166 2434 215 2504 rit
233 2457 248 2501 s
266 2431 406 2524 (3).Nec
424 2431 607 2523 quisquam
616 2432 771 2523 profecto
791 2431 903 2501 nescit
914 2431 1056 2500 nomine
1067 2432 1200 2517 Josept
1220 2432 1397 2499 Delorme

168 2594 345 2663 neminem
370 2593 438 2663 nisi
465 2592 669 2684 scriptorem
703 2597 862 2663 nostrum
895 2592 1036 2683 signari.
1064 2591 1281 2662 Juvenilibus
1302 2592 1397 2659 enim

171 2754 271 2823 annis
304 2754 341 2822 in
370 2753 516 2845 collegio
543 2754 684 2837 exactis
719 2776 800 2822 cum
835 2753 1039 2823 necessitate
1075 2753 1253 2845 quaerendi
1281 2752 1397 2821 victus

169 2913 406 3004 impelleretur
431 2936 568 2982 necnon
600 2912 852 3006 cognoscendas
883 2934 1000 2983 rerum
1026 2916 1158 2982 naturae
1179 2912 1400 3004 colendosque

174 3074 330 3144 historiae
364 3073 532 3145 naturalis
564 3073 722 3143 curiosus
764 3077 866 3161 esset,
918 3095 959 3143 ac
1000 3074 1191 3165 praesertim
1226 3098 1246 3143 a
1287 3078 1399 3143 matre

172 3236 304 3322 sedula,
356 3235 412 3304 cui
446 3257 537 3304 curae
574 3239 647 3303 erat
688 3234 765 3324 ejus
809 3256 885 3303 sors
924 3238 957 3303 et
992 3235 1111 3304 futura
1150 3234 1234 3322 vita,
1272 3235 1398 3304 acriter

170 3396 387 3481 incitaretur,
404 3394 525 3465 statuit
544 3398 653 3464 artem
680 3394 844 3465 medendi
861 3417 1036 3480 exercere3
1067 3395 1184 3487 itaque
1212 3397 1249 3467 in
1278 3396 1400 3466 schola

215 3870 248 3935 (l)
266 3870 323 3920 Vide
338 3869 447 3927 Pisanos,
462 3868 551 3919 lleeueil
567 3870 593 3919 de
604 3869 710 3928 ducem,
726 3869 862 3931 nonarum,
887 3869 969 3924 lettres,
985 3868 1047 3918 liene
1070 3882 1194 3932 commem,
1210 3870 1396 3935 dmuppemeatr

170 3961 311 4023 historiques,
323 3965 376 4017 etc,
390 3963 500 4023 compotes
513 3973 555 4023 par
567 3959 598 4008 les
607 3958 676 4008 eleves
691 3958 718 4007 cle
731 3956 872 4008 l'llnivcrsiu
884 3959 996 4020 mnne,
1015 3960 1075 4009 sutor
1083 3958 1139 4009 d’eo
1153 3958 1220 4009 clete
1232 3960 1259 4008 de
1270 3974 1319 4009 vers
1329 3960 1397 4009 latios

171 4050 309 4115 (Hachette,
325 4050 405 4114 1831).

217 4158 250 4221 (l)
268 4156 326 4207 llldc
342 4158 457 4215 llrcsrnr,
468 4156 632 4205 Salute-Becco
644 4160 713 4205 erent
728 4156 759 4205 les
774 4154 868 4215 luade,
881 4170 933 4220 cap.
944 4155 976 4205 ll.

218 4271 252 4335 (3)
269 4270 326 4321 Vide
340 4271 426 4319 Pontes
448 4269 572 4333 completos,
584 4268 604 4327 Ι,
619 4268 640 4319 8
655 4282 664 4316 .·
686 4282 699 4317 u
716 4268 747 4317 Sa
762 4269 847 4326 rouen,
873 4270 966 4332 fortites
979 4270 1017 4319 des
1040 4270 1150 4331 l'ensonce
1174 4284 1217 4333 per
1229 4270 1268 4319 des
1283 4270 1394 4319 lentule

171 4362 276 4411 strueres
290 4366 312 4410 et
322 4365 429 4410 sostenes
439 4360 506 4409 rt’uoe
520 4359 627 4407 immense
635 4358 741 4408 curtostle
753 4358 898 4422 scientificae,
913 4359 994 4409 s'tleec
1003 4360 1156 4410 telle-meme
1176 4365 1251 4409 contre
1260 4361 1291 4409 les
1301 4360 1392 4409 inclino·

171 4451 228 4499 tiens
241 4452 271 4500 de
284 4452 345 4515 polle
357 4464 417 4514 pour
428 4450 458 4499 les
472 4449 582 4512 sempter.
601 4447 650 4497 lllle
665 4447 698 4497 lui
722 4448 789 4511 porto
806 4449 908 4498 l'austere
921 4448 1014 4511 uaccae
1026 4450 1080 4497 d'ue
1094 4456 1155 4513 pere,
1168 4450 1202 4499 lui
1227 4454 1351 4513 represents
1364 4449 1393 4497 tes

171 4539 276 4588 illusions
289 4540 316 4587 de
331 4539 351 4587 lc
365 4539 442 4600 plolre,
459 4538 489 4587 les
498 4538 583 4586 seniles
599 4536 625 4584 de
637 4536 812 4597 l'imeeioetion,
825 4551 850 4585 aa
863 4550 942 4600 propre
953 4538 1064 4585 condition
1076 4539 1097 4586 st
1107 4538 1215 4588 mediam
1225 4540 1278 4588 etsi
1291 4540 1392 4602 prescire,

174 4626 324 4676 l'inccru'tcde
337 4626 375 4675 des
389 4631 458 4690 temps
474 4630 495 4674 el
506 4626 533 4674 cle
547 4629 616 4673 mute
629 4629 691 4687 parts
708 4630 789 4673 auteur
800 4625 827 4673 de
841 4624 875 4673 tei
885 4626 923 4674 des
935 4639 1036 4673 menecea
1049 4625 1077 4674 de
1085 4626 1220 4675 revolutione
1228 4626 1394 4681 matiscone

177 4714 234 4773 scire
247 4714 313 4764 d’eoe
328 4714 381 4778 ipre
397 4726 424 4762 cn
438 4728 473 4763 css
480 4714 543 4777 lours
553 4712 640 4774 d'oruqe
651 4709 663 4760 t
676 4711 757 4775 lolyre
767 4714 803 4773 [ut
815 4712 884 4763 uoce
894 4728 917 4763 a.
