2942 5100
651 571 810 636 ..53-

114 757 163 826 sis
199 756 418 842 Novembris,
457 755 493 822 in
539 755 659 825 eadem
701 754 918 847 ephemeride
956 755 1134 825 Remuaat
1164 778 1241 845 quae
1276 755 1342 823 sibi

112 917 376 988 Suiate-Beuoe
404 917 642 1009 proposuisset
670 917 725 986 his
749 917 865 986 verbis
896 918 1087 1007 patefecit:
1130 941 1145 985 a
1178 917 1271 987 C'eat
1294 938 1341 986 eu

112 1082 296 1160 souoeuut
317 1079 340 1146 d
363 1099 428 1148 sou
452 1081 575 1165 siecle,
593 1100 663 1166 que
681 1083 733 1148 M.
753 1086 1017 1153 sciata-Beuoe
1040 1099 1065 1149 a
1092 1082 1284 1165 eutrepris
1299 1079 1344 1147 de

113 1237 248 1304 uisiter
280 1241 330 1308 ies
362 1243 493 1309 ruinas
521 1242 573 1310 du
599 1243 697 1309 ΧῑῘῙο
733 1241 768 1307 n
801 1260 825 1308 a
850 1243 926 1326 soit
955 1260 1095 1310 comme
1132 1260 1189 1310 ees
1213 1241 1344 1326 pubii-

114 1398 225 1466 ciates
259 1401 323 1483 qui
361 1403 504 1468 aimeut
545 1401 569 1469 d
607 1405 809 1469 retrouoer
845 1399 939 1468 daur
966 1420 1031 1470 uos
1059 1402 1231 1485 antiques
1260 1400 1340 1482 tois,

114 1556 212 1626 daus
236 1578 300 1627 uos
327 1561 432 1628 codes
463 1559 616 1645 aetites,
652 1563 703 1630 ies
729 1580 876 1647 uermes
914 1561 959 1629 de
987 1581 1052 1629 uos
1084 1562 1342 1630 constitutions

108 1691 327 1806 potitiquea
350 1724 385 1790 Il
414 1742 438 1790 a
464 1725 579 1792 voulu
604 1727 689 1792 coir
719 1725 766 1808 si,
795 1726 1034 1793 maiuteuaut
1060 1720 1151 1809 qu'ii
1188 1725 1241 1789 eat
1263 1726 1345 1790 taut

112 1884 285 1965 question
320 1883 365 1951 de
407 1886 657 1954 reeoustituer
694 1885 733 1952 ia
780 1881 1000 1952 litterature
1046 1888 1094 1968 et,
1130 1902 1270 1952 comme
1309 1884 1343 1950 le

109 2047 419 2128 oouoenuemeat,
464 2044 509 2112 de
545 2046 584 2112 la
619 2045 761 2112 rendre
791 2045 889 2112 libne
925 2048 961 2111 et
987 2045 1193 2126 uatiouate,
1233 2045 1264 2111 il
1296 2062 1344 2111 ue

112 2201 379 2273 deeouurinait
416 2224 486 2290 poa
527 2205 620 2274 daus
656 2225 711 2273 ses
750 2207 916 2291 oripiaea
957 2204 1019 2273 aies
1057 2207 1165 2271 titres
1213 2209 1250 2272 et
1281 2204 1344 2271 des

112 2362 300 2434 autoritas
316 2388 326 2432 .·
361 2384 465 2450 pour
504 2367 561 2433 lui
587 2368 725 2452 freyen
763 2385 839 2434 uae
866 2365 1036 2435 uouuelie
1086 2368 1207 2449 route,
1235 2366 1264 2432 il
1294 2365 1344 2432 l'a

111 2524 295 2596 romanie
327 2527 351 2595 d
378 2546 443 2596 sou
467 2529 579 2613 point
611 2527 656 2597 de
684 2525 821 2613 deponi
846 2550 876 2596 s.

160 2686 253 2769 Quid
303 2686 416 2777 reipsa
469 2694 727 2762 Scinio-Beuoe
780 2687 815 2755 in
863 2685 978 2754 animo
1032 2686 1194 2755 habuerit
1238 2687 1340 2778 plane
1445 2711 1447 2714 ·

114 2869 322 2937 cognoscas,
356 2848 385 2915 si
415 2870 595 2917 recenseas
622 2848 704 2938 quid
728 2848 766 2915 in
794 2848 861 2916 hac
897 2846 1047 2916 editione
1071 2848 1268 2916 mutaverit.

161 2991 319 3059 Primum
362 2992 466 3077 enim,
494 2991 530 3059 in
566 2989 706 3060 exordio
736 2989 826 3059 nihil
857 2990 931 3080 jam
968 2989 1125 3080 quaritur
1153 2990 1194 3058 de
1232 2989 1340 3059 inter-

116 3148 230 3240 ruptis
274 3150 390 3240 inepte
437 3149 611 3219 veteribus
650 3147 791 3219 Gallicis
834 3147 970 3235 litteris,
1015 3172 1094 3218 cum
1140 3154 1264 3241 sponte
1307 3155 1341 3219 et

112 3309 243 3379 leniter
272 3314 476 3380 crescerent.
508 3310 597 3378 Nam
628 3332 708 3379 oum
746 3317 1006 3385 sainte-Beuoe
1039 3316 1222 3401 poetarum
1257 3333 1341 3380 cau-

113 3494 193 3540 sam
226 3468 444 3561 suscepisset,
483 3469 543 3560 qui
578 3470 678 3538 novis
718 3420 821 3538 rebus
862 3470 1018 3538 faverent
1054 3474 1088 3539 et
1121 3493 1192 3540 non
1224 3471 1340 3540 minus

114 3632 261 3721 abrupte
296 3651 337 3698 ac
373 3631 574 3700 Pleiadum
626 3634 736 3721 poetae
770 3628 887 3698 omnia
937 3651 978 3699 ex
1024 3631 1166 3722 antiquo
1202 3655 1340 3702 movere

114 3794 341 3877 conarentur,
380 3789 638 3859 adnotationem
668 3812 769 3858 suam
796 3792 864 3880 (La
884 3790 984 3861 serie
1017 3793 1207 3862 d'artieies
1230 3793 1340 3880 qu'ou

111 3971 153 4021 se
178 3951 394 4044 propere...)
439 3950 619 4021 delendam
656 3952 817 4043 opinatus
857 3954 921 4037 cst,
958 3955 999 4020 ut
1037 3950 1217 4019 tolleretur
1248 3952 1341 4021 vitu-

113 4110 249 4203 peratio
291 4111 327 4179 in
384 4111 450 4181 hac
497 4110 717 4180 adnotatione
778 4109 924 4181 inclusa.
971 4108 1105 4178 Delevit
1149 4110 1255 4179 etiam
1307 4114 1342 4182 et

114 4270 285 4362 quidquid
317 4294 335 4339 e
374 4271 532 4340 versibus
571 4295 590 4339 a
618 4280 772 4345 Boileuu
806 4270 1006 4361 compositis
1042 4274 1269 4361 excerpserat,
1304 4275 1339 4340 et

116 4430 287 4521 quidquid
326 4437 386 4499 aut
420 4430 621 4500 laudaverat
658 4433 718 4499 aut
754 4428 881 4521 saepius
910 4429 1189 4519 reprehenderat,
1220 4434 1339 4500 aucto-

114 4590 217 4660 ritate
255 4591 331 4683 ejus
363 4591 508 4684 prolata.
551 4590 651 4661 Locis
688 4590 898 4681 quibusdam
933 4590 975 4661 de
1001 4589 1130 4683 linguae
1162 4592 1341 4667 etlittera-

115 4773 197 4822 rum
235 4751 380 4823 historia
409 4775 503 4821 nunc
518 4832 527 4853 h
543 4752 616 4842 jam
653 4748 831 4820 exorditur
861 4749 960 4835 liber,
997 4750 1093 4818 omni
1131 4750 1250 4820 favore
1283 4755 1343 4820 aut
