2942 5100
664 520 824 585 ..13-

173 687 243 779 Sed
263 709 304 776 ut
326 704 511 777 utilitatem
536 729 578 776 ex
590 707 797 776 lectionibus
819 707 1009 798 capiamus,
1035 707 1129 776 haud
1149 728 1356 798 supervaca-

129 889 236 936 neum
265 868 331 937 erit
368 867 520 959 primum
552 867 727 959 inquirere
755 890 824 958 quo
843 872 945 959 pecto
979 872 1013 937 et
1040 868 1166 958 quibus
1188 867 1356 936 doctrinis

128 1027 299 1115 imbutus,
328 1030 600 1099 Serere-Reum
628 1029 805 1120 inceptum
834 1032 867 1097 et
894 1051 1077 1120 aggressus
1105 1031 1138 1097 et
1173 1031 1356 1098 exsecutus

127 1187 188 1258 sit.

187 2298 189 2308 ·
275 2324 277 2328 ,
329 2281 358 2326 (t.
373 2281 459 2327 lsext.
472 2280 525 2326 lbi?
983 2281 1146 2335 L.1,ea,15

173 2399 204 2433 en
217 2399 244 2434 sa
258 2388 350 2444 qualite
360 2387 506 2434 d’aumbnier
520 2388 552 2433 du
561 2388 597 2434 roi
607 2387 682 2434 Hemi
693 2387 717 2432 ii
811 2385 843 2431 du
853 2385 986 2444 danpbin,
996 2386 1090 2444 depuis
1104 2388 1140 2434 roi
1154 2386 1229 2433 Hemi
1240 2387 1263 2432 11

318 2524 347 2569 c.
362 2523 397 2569 r*
408 2525 468 2579 sept.
480 2523 532 2567 rear
985 2523 1102 2579 L1,81,
1118 2523 1145 2568 sa

132 2630 206 2677 Leuis
218 2630 252 2676 Le
261 2628 314 2688 Ray
325 2642 352 2675 se
367 2630 456 2675 rendit
465 2629 608 2687 celebreper
618 2642 656 2677 ses
669 2633 718 2676 tra-
773 2631 975 2687 sepreparaitct
987 2630 1096 2677 devenir
1106 2632 1198 2679 celebre

130 2711 242 2757 ductione
628 2728 629 2731 ¹

320 2850 349 2892 a.
363 2849 390 2893 20
403 2851 463 2904 sept.
479 2848 531 2892 1827
997 2847 1025 2890 1..
1040 2846 1134 2901 1,es,6

130 2954 244 3001 Rebeleis
269 2956 310 3012 qui
336 2954 403 3001 dicit
426 2967 488 3001 auec
510 2954 549 3000 du
567 2952 663 3011 Beltay
686 2954 718 3000 du
773 2952 814 3012 qui
828 2950 963 3009 sineterra
974 2952 1108 2997 aeacide
1119 2951 1324 3010 Bellayseisait
1336 2954 1358 2999 le

129 3048 222 3093 voyage
234 3035 329 3081 d¹ltalie
773 3044 863 3089 voyage

378 3171 405 3215 Β.
426 3170 479 3213 164
905 3209 908 3216 ,
985 3172 1014 3216 L.
1030 3170 1146 3226 1‚229,5

170 3276 373 3323 unesatiredens
386 3276 490 3333 laquelle
511 3275 649 3332 Vanuslin
665 3288 718 3321 eon·
773 3274 848 3320 tl’un
861 3275 891 3321 de
903 3289 940 3323 ses
951 3277 995 3331 fils,
1009 3278 1057 3333 qui
1069 3279 1136 3323 n'est
1151 3289 1204 3335 pue
1221 3276 1267 3323 dee
1292 3277 1356 3323 Yee-

132 3358 201 3403 seille
215 3357 303 3403 l¹etude
318 3361 395 3403 ason
404 3356 455 3413 fils
464 3356 668 3403 Desineteaere...
774 3360 882 3402 teaux...

179 3494 289 3543 Attamen
302 3508 331 3543 ex
346 3493 383 3543 his
397 3492 577 3548 mutationibus,
592 3490 622 3541 de
636 3491 718 3542 critico
729 3500 821 3554 nosue,
848 3493 947 3557 ejusque
970 3491 1070 3555 ratione,
1099 3493 1206 3557 quaedam
1222 3492 1358 3545 deducenda

131 3582 191 3633 mihi
203 3582 320 3634 ridentur.
337 3582 402 3633 Licet
415 3580 480 3633 enim
491 3581 649 3631 interemere
658 3581 683 3630 in
690 3581 860 3645 praelocutione
873 3582 995 3645 scripserit
1010 3597 1017 3633 ι
1030 3597 1045 3628 a
1054 3582 1082 3632 Ge
1095 3582 1173 3631 tirreo
1186 3587 1220 3631 ete
1229 3598 1282 3632 mort
1291 3584 1357 3633 debet

132 3686 160 3721 err
177 3674 302 3725 litterature
310 3690 320 3731 ,·
330 3672 405 3736 pseud
415 3674 440 3734 je
454 3672 494 3721 t'ci
509 3675 633 3720 commeare
645 3670 723 3733 j'etcts
739 3672 840 3720 eludunt
853 3684 882 3719 eo
895 3672 1007 3721 medestae
1024 3677 1046 3720 et
1058 3672 1140 3734 y’cucts
1154 3674 1281 3735 sinet-troia
1296 3688 1338 3723 ars
1352 3688 1360 3731 3

133 3767 192 3828 sotto
206 3779 252 3814 mes
262 3777 352 3813 meuses
368 3776 425 3825 poor
439 3762 470 3811 ter
485 3760 629 3810 incertitudo
642 3766 663 3809 et
678 3760 708 3809 tre
719 3760 849 3822 tuborum
862 3761 900 3809 des
912 3762 1033 3823 premieres
1045 3775 1120 3825 papea.
1138 3762 1166 3812 Ge
1178 3776 1221 3826 pue
1246 3764 1271 3825 je
1287 3764 1361 3813 saecla

132 3857 153 3905 le
167 3857 248 3919 moins,
261 3854 332 3904 c'rtctt
344 3867 396 3903 riou
410 3856 603 3902 commemoraret.
616 3850 698 3901 terro
711 3851 761 3901 bien
772 3865 800 3899 ec
813 3851 903 3913 emeret
913 3852 1022 3901 t'inrtirrrt
1031 3857 1053 3900 et
1064 3853 1084 3901 le
1097 3852 1150 3915 ecrit
1161 3853 1188 3901 de
1200 3852 1358 3915 t’eaoctttud03

131 3948 156 4009 je
169 3947 221 3993 a'err
235 3946 298 3994 ceeia
313 3944 339 3993 rei
351 3944 373 3992 to
387 3942 496 4000 mttbode,
508 3942 535 3991 ct
549 3945 637 3989 surtout
650 3954 684 3989 ees
700 3940 816 4004 computes
830 3941 954 3990 contionata
973 3941 1013 4004 qut
1024 3956 1051 3990 ers
1065 3947 1116 3990 seat
1131 3942 1269 4003 lepusculis,
1288 3951 1310 3991 et
1323 3945 1362 4007 poi

133 4048 162 4083 rte
173 4033 280 4083 obuncet
291 4032 380 4096 pu’cvec
395 4032 415 4080 le
432 4038 509 4093 temps,
524 4032 589 4093 apres
603 4029 634 4079 tes
642 4030 718 4090 scobs
729 4030 844 4079 commisse
859 4043 883 4091 a,
898 4029 944 4091 (L.
959 4029 980 4088 t,
994 4028 1024 4093 1)
1045 4029 1151 4092 protecto
1169 4037 1248 4082 tamen
1263 4038 1362 4096 apparet

133 4122 210 4181 illum,
224 4120 310 4185 primis
326 4120 353 4170 ab
366 4120 436 4170 annis
450 4118 629 4181 religiosissima
648 4116 773 4167 sedulitate
786 4117 923 4181 preditum,
940 4120 1030 4182 majore
1044 4122 1069 4168 tn
1083 4119 1135 4169 dies
1158 4119 1278 4182 diligentis
1290 4135 1361 4185 opera

134 4218 260 4263 tractasse.

181 4303 241 4353 ltem
251 4300 485 4352 animadvertendum
501 4312 572 4363 quam
586 4312 648 4362 sepe
659 4298 818 4347 stricte-iteum
842 4298 984 4349 sententiam
1003 4314 1071 4351 suam
1081 4302 1207 4352 mutaverit
1229 4316 1276 4354 uno
1291 4304 1362 4356 verbo

135 4394 185 4457 (re.
194 4429 209 4444 ..
224 4407 274 4456 pes,
289 4404 393 4456 presque,
402 4390 525 4454 peut-dtre)
536 4388 636 4451 adjecto,
652 4400 706 4437 cum
722 4394 800 4437 cetera
815 4388 886 4438 rerba
895 4387 984 4439 intacta
995 4398 1152 4441 remanerent.
1161 4391 1253 4451 Quibus
1264 4397 1362 4454 notatis,

135 4482 235 4532 torsitsn
249 4481 390 4531 conlirmure
406 4479 464 4529 mihi
478 4477 547 4528 liceat
563 4492 615 4541 quae
632 4477 690 4526 alias
712 4476 801 4541 scripsi
815 4477 844 4526 de
872 4478 964 4528 ratione
989 4492 1060 4542 quam
1076 4478 1105 4529 ad
1118 4483 1280 4546 componenda
1292 4498 1365 4548 opera

135 4570 299 4621 Scinio-berre
315 4569 456 4626 adhibuerit,
473 4582 527 4619 cum
539 4580 660 4617 censerem
674 4564 741 4615 illum
765 4566 963 4630 extemporalihus
984 4568 1131 4619 orationibus
1158 4570 1256 4623 minime
1283 4579 1365 4637 aptum

135 4661 220 4719 luisse,
239 4666 262 4710 et
275 4660 340 4723 stilo,
360 4666 387 4709 ut
402 4658 435 4709 ita
443 4657 519 4709 dom
537 4656 661 4707 serviisse.
677 4653 746 4719 (Vide
757 4655 870 4713 llrcusur,
883 4656 1043 4707 mise-teser
1062 4665 1131 4708 amet
1158 4660 1190 4709 tes
1201 4660 1297 4724 tendis,
1309 4676 1362 4727 cap.

136 4749 200 4814 illl).
