2942 5100
692 460 852 526 -78-

164 647 298 730 Quibus
326 647 440 738 pravis
467 644 607 736 judiciis
631 644 720 714 inter
747 668 783 713 se
809 645 1017 735 comparatis
1031 645 1182 713 -sicut
1197 643 1289 712 infra
1305 668 1376 715 con-

161 807 227 876 fert
250 810 437 894 Morellet
458 806 564 876 libelli
597 808 711 876 Atula
733 805 891 897 inscripti
924 806 1205 890 obtrectatorem,
1233 806 1377 878 d'Ola'oet

162 971 222 1036 aut
254 970 461 1053 Condilluc,
482 989 625 1058 operum
641 989 661 1034 a
678 951 823 1037 Recine
837 970 897 1036 aut
917 965 1075 1036 Boilcau
1109 955 1378 1056 conscriptorum
1452 966 1454 1055 l

165 1129 444 1221 castigatoribus‚
492 1168 530 1180 -
552 1127 630 1195 illos
668 1127 861 1212 ulciscitur,
893 1127 1043 1218 maligne
1075 1126 1297 1218 conjunctoS,
1326 1132 1378 1219 qui

162 1293 334 1361 Pleiades
352 1290 636 1381 vituperaverunt
654 1293 687 1356 et
701 1312 760 1357 eos
774 1289 834 1380 qui
856 1291 1085 1359 Ceouculum
1107 1291 1334 1381 carpserunt(
1353 1293 1375 1383 l.

207 1451 435 1521 Romantismi
468 1450 570 1519 etiam
598 1451 713 1519 fautor
741 1450 921 1521 habendus
950 1455 1012 1537 est,
1041 1474 1121 1520 curn
1153 1405 1276 1520 versus
1303 1451 1376 1542 legi-

163 1612 228 1681 bus
269 1611 421 1680 classicis
450 1613 581 1680 solutos
628 1612 788 1695 celebrat,
824 1612 908 1681 dum
944 1611 1060 1681 locum
1098 1611 1284 1704 quemdam
1317 1636 1376 1682 non

166 1795 267 1842 secus
298 1795 338 1840 ac
364 1772 392 1840 si
429 1796 448 1840 a
480 1774 664 1844 Stcndlcul
697 1772 846 1863 scriptus
881 1775 971 1840 esset
999 1772 1097 1841 affert
1126 1795 1132 1840 :

223 1969 355 2026 N’estce
369 1985 429 2042 pas
449 1977 497 2026 cet
519 1969 689 2026 irreverent
715 1968 758 2025 M.
779 1967 820 2024 de
847 1966 998 2025 Stendhel
1020 1968 1075 2040 qui
1097 1984 1118 2023 a
1131 1967 1202 2024 dit:
1220 1989 1235 2020 ι
1250 1969 1293 2025 Le
1314 1985 1378 2026 vers
1452 1912 1454 2023 i

167 2091 305 2161 franceis
334 2089 564 2162 (l'alexandrin)
582 2090 755 2146 ressemble
774 2091 869 2146 aune
882 2087 972 2162 paire
991 2088 1032 2145 de
1052 2089 1206 2162 pincettes
1228 2089 1377 2148 brillautes

166 2220 198 2271 et
229 2214 342 2272 dorees
364 2214 446 2272 mais
479 2214 596 2272 droites
629 2221 660 2271 et
691 2212 798 2270 roides
831 2230 838 2269 :
871 2213 894 2270 il
924 2229 965 2269 ne
992 2220 1068 2286 peut
1093 2213 1215 2270 fouiller
1243 2213 1321 2270 dans
1339 2215 1377 2272 les

166 2340 298 2398 recoins.
315 2361 329 2392 r
1452 2338 1454 2404 l

211 2543 309 2615 Felse
366 2543 505 2636 quidem
537 2569 545 2630 ;
593 2567 687 2630 nam,
735 2567 826 2614 anno
870 2543 1052 2613 millesimo
1106 2543 1378 2636 octingentesimo
1452 2497 1454 2628 Ι

168 2707 379 2798 sexagesimo
413 2730 519 2792 nono,
554 2707 695 2774 liberior
725 2706 837 2796 ruptis
870 2708 1045 2777 veteribus
1069 2708 1378 2779 consuetudinibus

167 2869 290 2955 factus,
325 2889 467 2959 parvam
496 2865 591 2935 illam
623 2866 780 2936 fraudem
812 2867 990 2937 confessus
1023 2874 1076 2937 est
1107 2874 1141 2938 et
1175 2870 1244 2938 eibi
1278 2869 1378 2938 vindi·
1452 2850 1454 3008 Ι

173 3030 265 3097 cavit
289 3028 422 3119 jocum,
455 3028 515 3118 qui
551 3031 602 3095 est
638 3027 781 3095 omnino
814 3027 1026 3097 romanticos
1061 3051 1068 3096 :
1452 3052 1454 3196 Ι

219 3225 278 3281 J’ai
293 3225 353 3281 mis
372 3225 401 3281 le
413 3232 478 3280 mot
494 3240 548 3280 sur
561 3223 591 3281 le
605 3231 726 3297 compte
739 3224 779 3281 de
792 3224 959 3294 Stendhn13
973 3224 997 3279 il
1010 3232 1060 3282 est
1070 3224 1111 3283 de
1121 3226 1186 3284 moi
1201 3226 1253 3300 (2).
1452 3263 1454 3382 1

219 3402 266 3471 Ut
298 3402 511 3471 romanticos
527 3402 703 3493 quondam
722 3403 961 3473 confutaverat
982 3426 1060 3495 quae
1089 3428 1109 3472 a
1138 3409 1191 3475 Lu
1220 3405 1377 3492 Bruyere

169 3589 326 3679 judicata
358 3594 456 3657 erant
487 3588 530 3657 de
561 3576 722 3658 vsermone
750 3612 771 3656 a
796 3593 924 3659 Marol
963 3594 1130 3681 usurpato
1165 3614 1244 3660 cum
1283 3593 1376 3681 poete

172 3752 347 3820 Roneurd
380 3748 501 3840 lingua
538 3752 750 3839 comparato.
792 3749 839 3819 Ut
887 3750 1101 3819 romanticus
1147 3751 1251 3819 etiam
1300 3771 1376 3819 auno
1452 3707 1454 3754 Ι

171 3910 355 3980 millesimo
386 3909 672 4001 octingentesimo
697 3908 962 4001 quadragesimo
986 3912 1102 3997 tertio,
1136 3912 1378 3980 adnotationem
1452 3883 1454 3949 l

172 4094 245 4139 non
272 4072 377 4140 modo
406 4070 542 4157 retinet,
573 4069 632 4139 sed
666 4070 770 4137 etiam
798 4067 922 4161 explet,
948 4071 1032 4139 dum
1069 4093 1248 4143 censorem
1276 4074 1378 4160 Bayle
1452 4121 1454 4134 .

169 4232 312 4323 insuper
348 4231 473 4302 refellit
504 4258 513 4301 :

237 4563 271 4624 (l)
286 4563 321 4621 (t,
337 4563 399 4613 154
410 4569 434 4612 el
450 4562 485 4619 L,
503 4561 522 4609 l.
537 4560 607 4611 200.

244 4672 277 4734 θ)
292 4675 325 4730 G,
342 4675 382 4724 01
400 4682 424 4723 ct
441 4675 476 4734 L,
493 4674 514 4730 Ι,
530 4673 601 4734 107,
612 4673 693 4725 adnot.
