2942 5100
681 455 822 518 ..3.-

133 679 178 690 -
210 639 372 708 undecim
413 637 525 730 capita
569 635 771 728 singulatim
817 633 993 727 divulgata
1041 639 1135 723 aunt,
1189 635 1245 704 bis
1273 636 1358 706 tilu-
1456 606 1458 673 l

130 799 173 868 lis
219 799 410 891 generatim
461 798 649 889 inscriptis,
708 797 892 888 primum:
929 799 1020 865 Erat
1061 798 1107 866 de
1152 799 1192 866 lo
1228 784 1355 883 podria

132 964 325 1046 franceise
368 961 392 1030 d
434 963 483 1030 ta'
515 964 571 1046 fio
622 961 674 1028 de
725 962 803 1028 XVe
857 965 893 1028 et
938 979 990 1029 aa
1045 967 1359 1030 commaocemeot

135 1123 186 1190 da
227 1123 323 1189 XVIe
364 1123 487 1207 siecle,
539 1119 687 1190 deinde:
736 1119 864 1190 Podrie
916 1123 1109 1206 francaiee
1162 1140 1213 1190 ou
1259 1123 1357 1190 XVIe
1456 1064 1458 1129 i

133 1283 254 1352 siecle.
303 1281 379 1350 lam
430 1279 556 1367 antea,
594 1279 649 1350 die
690 1283 813 1369 quarto
861 1279 995 1348 decimo
1048 1279 1176 1349 mensis
1227 1279 1359 1371 Aprilis

136 1443 218 1512 anni
266 1441 559 1528 MDCCCXXVll,
603 1441 723 1510 eadem
770 1441 806 1508 in
856 1439 1087 1531 ephemeride,
1122 1439 1359 1530 publicaverat

132 1603 401 1674 Solate-Beuoc
436 1603 479 1671 de
515 1605 618 1693 poeta
648 1605 846 1672 Molberbe
884 1600 1161 1672 dissertationem
1181 1593 1184 1596 ’
1201 1603 1356 1694 (betereo

135 1764 293 1835 ineditas
329 1767 374 1835 de
408 1767 605 1868 Molherbe
637 1763 822 1834 adresades
855 1765 878 1833 d
918 1764 1095 1852 Petraeo),
1131 1786 1208 1853 quae
1241 1803 1286 1817 -
1316 1768 1356 1833 ut

133 1926 250 1997 locum
281 1925 474 2017 legitimum
502 1929 705 1996 teneret-
736 1923 836 1993 seriei
868 1923 1135 2014 jamperfectae
1169 1923 1357 2014 subjuncta
1456 1929 1458 1943 ²

136 2091 198 2159 est.
249 2088 441 2159 Duodecim
486 2087 593 2179 igitur
639 2086 753 2178 capita
796 2086 833 2154 in
879 2108 1003 2154 manus
1046 2084 1235 2176 legentium
1263 2084 1358 2164 ,data

135 2254 241 2336 sunt;
272 2251 398 2341 quibus
432 2249 585 2319 collectis
619 2271 699 2340 pars
735 2248 794 2317 illa
830 2250 900 2318 fere
940 2252 1014 2318 tota
1049 2253 1197 2336 constat,
1229 2249 1358 2339 inqua

134 2410 176 2480 de
217 2393 318 2502 'poesi
356 2411 496 2501 proprie
531 2410 740 2501 disputatur,
784 2410 922 2489 ceteris,
948 2409 1121 2479 scribendi
1173 2409 1358 2500 generibus

137 2570 272 2663 (fabulis
297 2570 428 2641 scilicet
445 2572 482 2641 in
510 2594 614 2641 scena
628 2571 713 2640 actis
728 2574 761 2639 et
787 2570 913 2640 fabulis
935 2572 1037 2656 fictis,
1058 2570 1182 2662 gallice
1206 2592 1358 2641 romans

133 2734 247 2823 dictis)
276 2756 433 2803 seorsum
471 2734 636 2805 tractatis.
669 2734 794 2803 Primae
833 2734 939 2825 igitur
976 2757 1017 2802 ac
1053 2733 1213 2802 maximae
1250 2734 1356 2803 trium

135 2896 284 2986 partium
316 2918 359 2965 ex
386 2877 515 2985 'quibus
552 2917 640 2984 opus
670 2894 892 2963 constituitur
930 2894 1155 2986 completum,
1189 2894 1226 2962 in
1256 2895 1359 2985 epha-

134 3055 263 3125 meride
292 3060 343 3126 Le
372 3058 494 3141 Globe,
525 3055 656 3146 primus
688 3057 801 3124 textus
823 3055 1050 3124 continetur:
1090 3054 1132 3126 G.

180 3217 242 3285 Die
270 3220 385 3286 autem
411 3216 670 3286 undevicesimo
698 3215 827 3284 mensis
843 3213 939 3302 Julii,
967 3216 1080 3285 tribus
1106 3217 1286 3286 mensibus
1300 3218 1358 3286 vix

134 3372 324 3469 interjectis
346 3400 386 3447 ex
406 3401 475 3469 quo
496 3380 767 3449 Satala-Beaoe
785 3376 948 3447 ultimum
963 3383 1068 3469 caput
1087 3377 1124 3446 in
1140 3378 1358 3470 ephemeride

134 3539 379 3630 publicaverat,
401 3539 517 3608 omnia
536 3538 644 3608 edidit
668 3537 824 3626 collecta,
853 3539 902 3607 ita
927 3539 1105 3629 recognita
1132 3542 1172 3607 ut
1196 3539 1358 3609 ernenda-

134 3704 254 3770 rentur
273 3704 307 3768 et
334 3698 589 3789 complerentur
613 3702 727 3788 atque,
749 3698 839 3766 inter
860 3720 896 3767 se
917 3701 1044 3788 aptata,
1072 3697 1239 3766 nnumin
1268 3721 1357 3790 opus

134 3861 382 3953 redigerentur.
408 3859 510 3942 Quod
533 3884 552 3927 a
575 3858 860 3950 procuratoribus
887 3858 1178 3928 bibliothecarum
1201 3859 1238 3928 in
1264 3860 1358 3930 bunc

134 4022 277 4091 modum
292 4021 466 4113 signatum
481 4026 552 4090 est:
568 4024 677 4091 2ool.
695 4021 790 4108 ira-8,
812 4024 920 4091 11-596
933 4028 969 4091 et
989 4024 1252 4108 μην-350101).
1266 4024 1358 4093 Sou-

135 4186 233 4267 telet,
254 4184 476 4252 rarobacco
498 4188 533 4251 et
555 4185 732 4252 Meroier.
752 4182 834 4251 Haec
853 4186 969 4253 autern
988 4182 1180 4268 volumina,
1197 4182 1261 4251 etsi
1284 4182 1359 4251 ani-

136 4365 212 4413 mos
226 4344 325 4413 valde
339 4349 534 4431 moverunt,
547 4345 618 4413 sive
633 4343 919 4430 romanticorum,
930 4366 1010 4414 cum
1024 4343 1253 4413 admiratione
1272 4343 1359 4412 inci-

136 4508 303 4590 tarentur,
321 4503 392 4573 sive
408 4504 643 4590 classicorum,
661 4527 741 4574 curn
759 4472 978 4574 temerariam
997 4504 1148 4573 auctoris
1165 4503 1359 4573 doctrinam

135 4684 225 4753 aegre
239 4664 379 4751 ferrent,
390 4686 408 4733 e
421 4664 642 4735 librariorum
650 4665 801 4735 tabernis
810 4666 904 4735 haud
915 4666 984 4736 cito
993 4665 1144 4735 abducta
1154 4686 1229 4733 esse
1240 4663 1358 4733 viden·
