2942 5100
643 453 803 518 ..34-

112 644 197 710 dire
229 644 328 712 coeci
362 661 430 727 que
462 647 497 726 jc
529 662 617 711 cour
645 645 750 711 acaia
778 640 911 710 deoiud
940 643 1075 730 (moins
1098 642 1341 728 peutdtrcd

110 823 172 872 cos
204 804 356 883 articles
382 805 415 870 ri
447 804 730 888 remarqoaoles
758 801 965 888 d’oillcurc,
1000 804 1084 889 qo’ct
1112 808 1218 872 notre
1254 823 1339 872 corc-

112 967 302 1032 corretion
331 968 366 1030 et
394 965 417 1032 d
445 968 550 1031 cotra
587 962 743 1052 record)
776 983 879 1048 pour
914 985 968 1031 un
996 965 1115 1049 poete.
1164 966 1340 1050 Souffrcz

113 1127 208 1195 doec
236 1145 305 1211 quc
328 1130 370 1212 je
405 1128 476 1193 rota
513 1146 567 1192 oo
600 1145 677 1210 peu
717 1128 791 1210 fier
836 1125 881 1194 de
921 1145 986 1193 ma
1013 1124 1257 1212 pdodtratioc
1300 1130 1337 1193 et

113 1308 182 1373 quc
205 1293 246 1374 jc
275 1306 334 1354 me
363 1285 505 1372 solicite
553 1286 698 1354 d'cooir
741 1288 931 1372 prosecuti
979 1307 1033 1352 cn
1080 1287 1198 1354 tolerat
1247 1287 1339 1354 d'acc

113 1449 227 1517 ordre
258 1449 357 1516 aucei
390 1445 500 1516 dlecd.
541 1450 657 1515 Venez
679 1448 723 1515 de
764 1450 905 1533 ordea·
929 1450 1001 1534 j’ai
1029 1449 1134 1515 mille
1164 1448 1338 1516 choseaci

110 1630 198 1678 cour
236 1609 330 1676 dire·
353 1631 365 1689 ;
395 1628 443 1676 ou
479 1610 591 1694 faites
619 1610 694 1675 moi
727 1611 855 1676 saveir
887 1607 934 1676 oct
958 1613 999 1695 je
1040 1611 1222 1693 pourrais
1249 1629 1339 1678 cous

112 1776 278 1840 trouver.
319 1809 363 1819 —-
401 1772 509 1838 Votre
542 1772 632 1854 ami,
679 1772 717 1838 V.
747 1773 795 1836 H.
831 1791 846 1834 n
899 1771 962 1858 (l).
1000 1769 1044 1836 Et
1085 1768 1201 1836 statim
1234 1773 1338 1858 poeta

114 1929 286 2013 laudatus,
320 1933 359 1997 ut
387 1930 438 2013 fit,
470 1928 658 1997 laudatoris
684 1933 799 2018 partes
833 1929 914 1997 hinc
944 1928 1017 2019 jam
1049 1933 1188 1998 secutus
1225 1932 1289 1998 est.

158 2089 225 2158 Sed
256 2111 465 2180 quamquam
498 2089 540 2156 ad
575 2088 679 2158 fidem
717 2088 944 2157 romanticam
972 2112 1045 2158 sese
1080 2090 1156 2180 jem
1185 2089 1338 2159 contule-

113 2255 177 2336 rat,
212 2242 440 2318 nihilominus
477 2250 512 2317 in
549 2251 740 2318 contrarias
771 2250 958 2319 sententias
991 2250 1128 2321 animus
1165 2250 1241 2341 ejus
1267 2251 1339 2319 dis-

111 2409 325 2480 trahebatur.
356 2411 476 2500 Neque
505 2411 597 2479 enim
625 2416 810 2502 praeoepta,
846 2434 935 2502 quae,
965 2411 1190 2480 classicorum
1222 2410 1338 2502 operi-

112 2574 177 2661 bus
212 2572 365 2641 studiose
389 2570 486 2641 lectis
516 2571 703 2663 sedulaque
737 2596 842 2641 manu
875 2574 1032 2659 versatis,
1057 2573 1196 2663 penitus
1229 2573 1340 2641 menti

116 2735 219 2802 insita
247 2738 354 2819 erant,
396 2734 507 2824 primo
547 2756 684 2824 quoque
723 2738 878 2823 ternpore
913 2734 1025 2825 perire
1064 2736 1166 2823 atque
1208 2734 1336 2801 exstin-

116 2895 175 2985 gui
230 2897 388 2985 poterant
428 2917 435 2977 ;
495 2916 605 2983 neque
644 2894 888 2985 quodcumque
928 2894 1111 2962 romantici
1150 2894 1337 2985 scrip-tores

116 3055 280 3124 audacius
321 3055 505 3142 audebant,
541 3056 655 3145 primo
692 3077 828 3145 quoque
858 3059 1011 3147 tempore
1052 3055 1131 3124 felix
1170 3062 1205 3126 et
1238 3058 1337 3126 omni

116 3219 212 3304 parte
266 3215 456 3306 perfectum
493 3214 614 3285 videri.
657 3215 778 3305 ltaque
807 3214 906 3284 haesit
950 3214 1163 3306 aliquamdiu
1197 3222 1335 3303 noster;

115 3376 215 3466 cujus
261 3377 290 3443 si
337 3375 520 3467 diligenter
561 3374 783 3465 perlegantur
825 3374 964 3467 scripta,
1013 3398 1090 3465 quae
1132 3401 1152 3445 a
1216 3400 1337 3447 mense

117 3536 303 3605 Februario
350 3536 433 3603 anni
475 3533 649 3604 millesimi
695 3534 972 3627 octingentesimi
1012 3536 1168 3605 vicesimi
1199 3537 1338 3630 septimi

116 3717 226 3786 usque
256 3696 299 3764 ad
332 3718 487 3764 mensem
517 3695 706 3777 Quintilem
725 3695 807 3763 anni
843 3695 1020 3764 millesimi
1057 3698 1338 3789 octingentesimi

115 3858 272 3927 vicesimi
298 3857 411 3925 octavi
444 3857 651 3947 composuit,
691 3857 798 3924 animi
842 3856 938 3925 dubii
975 3880 1016 3926 ac
1049 3857 1189 3928 solliciti
1228 3859 1340 3928 multa

116 4018 214 4109 signa
242 4018 462 4087 inveniantur
488 4019 549 4109 (2).

160 4178 245 4260 Quae
278 4178 509 4268 inveniemus
527 4200 664 4268 quoque
693 4178 729 4245 in
765 4178 875 4270 primo
913 4182 1008 4248 textu
1055 4180 1148 4267 libri,
1185 4181 1226 4249 de
1267 4204 1340 4271 quo

178 4572 211 4635 (l)
230 4572 287 4622 Vide
302 4572 328 4621 V.
345 4572 421 4634 Huco,
438 4573 635 4636 correspoodcnca
652 4574 808 4633 iola-1835,
819 4587 843 4635 p.
860 4572 931 4623 262.

176 4684 212 4749 (2)
226 4686 284 4737 Vide
295 4688 408 4750 llrcurur,
424 4686 469 4750 Op.
487 4686 550 4738 laud.
567 4702 618 4750 cup.
629 4686 667 4737 u.
