2942 5100
631 521 770 584 45-

75 705 256 773 constituti
285 707 379 790 sunt,
395 703 502 774 libros
529 705 639 796 ipsos,
661 707 814 797 primum
843 729 936 775 anno
969 707 1152 776 millesimo
1190 710 1303 778 octin-

75 865 268 954 gentesimo
324 863 588 956 quadragesimo
640 866 757 952 tertio,
800 871 921 958 postea
974 891 1083 937 anno·
1116 868 1301 938 millesimo

78 1023 366 1115 octingentesimo
395 1025 609 1116 sexagesimo
639 1030 776 1113 octavo,
806 1027 897 1118 typis
925 1028 1119 1099 mandatos.

122 1185 238 1254 Prima
273 1189 389 1255 autem
426 1187 551 1278 specie,
583 1188 621 1256 in
656 1187 747 1257 libro
791 1187 851 1278 qui
891 1192 1057 1260 Tableoc
1089 1189 1303 1280 inscribitur,

78 1368 151 1414 non
167 1345 305 1416 videtur
322 1347 430 1416 luisse
448 1347 509 1416 ubi
528 1347 637 1417 critici
661 1348 771 1417 nostri
799 1353 833 1418 et
855 1349 1007 1439 ingenua
1025 1353 1059 1418 et
1079 1350 1183 1420 simul
1203 1353 1307 1421 affec-

75 1516 148 1581 tata
192 1511 366 1580 mobilitas
414 1509 597 1578 manifesta
636 1515 829 1602 appareret.
875 1510 1068 1602 Scriptores
1118 1513 1224 1599 enim,
1258 1514 1300 1582 de

77 1673 205 1764 quibus
251 1671 459 1763 disputatur,
497 1671 567 1740 fere
607 1674 781 1739 trecentos
823 1692 933 1739 annos
966 1670 1041 1761 jam
1082 1671 1154 1741 vita
1193 1673 1305 1742 functi

79 1836 211 1901 erant:
262 1835 301 1901 ut
346 1831 404 1899 vix
466 1830 586 1900 credas
636 1829 674 1899 in
730 1829 886 1900 animum
932 1831 1022 1921 ejus,
1065 1854 1146 1902 cum
1191 1833 1305 1902 lenem

80 1996 116 2060 et
156 1992 198 2060 ad
245 1991 413 2061 amicitias
455 1990 695 2081 suscipiendas
744 2013 909 2082 pronum,
957 1995 1033 2061 tum
1078 1993 1219 2062 mollem
1258 1994 1301 2060 ad

77 2153 333 2244 suscipiendam
387 2151 625 2237 offensionem,
676 2151 756 2220 illos
816 2155 876 2220 aut
925 2151 1083 2222 vividum
1148 2175 1301 2223 amorem

83 2313 281 2402 immisisse,
321 2317 382 2382 aut
411 2312 629 2383 iracundiam
675 2311 864 2403 odiumque
901 2313 1102 2402 incussisse,
1142 2336 1219 2405 quae
1263 2316 1305 2384 ab

78 2474 281 2566 aequalibus,
309 2474 631 2561 cccccccorecoc,
656 2475 717 2542 aut
743 2476 866 2561 Hopo,
894 2477 954 2542 aut
980 2477 1219 2561 Lamcoocis,
1244 2478 1304 2544 aut

83 2640 203 2725 Viyoy
257 2636 421 2727 percepit.
478 2635 577 2704 Certe
627 2655 739 2725 neque
791 2657 870 2704 cum
923 2636 1069 2705 mortuis
1114 2638 1300 2723 conrard,

80 2800 133 2867 dcc
166 2800 300 2885 Bellay
341 2800 374 2865 et
421 2799 518 2883 ΒαϊῙΛ
557 2793 826 2863 consuetudines
868 2795 962 2882 fecit,
1010 2817 1096 2886 quas
1130 2796 1302 2887 interrup-
1359 2827 1362 2832 ·

78 2963 132 3027 tas
179 2960 228 3048 (et
276 2956 416 3048 quidem
462 2980 525 3027 sua
570 2956 680 3047 ipsius
727 2954 841 3048 culpa)
884 2978 976 3047 aegre
1020 2957 1150 3043 ferret;
1192 2979 1305 3048 neque

79 3118 211 3188 invidia
273 3119 444 3203 aestuavit,
504 3115 649 3184 infensis
704 3114 984 3185 aemulationibus
1043 3116 1134 3186 inter
1188 3118 1304 3208 ipsum

78 3285 113 3349 et
130 3279 215 3363 illos
243 3279 412 3348 exercitis.
438 3277 537 3347 Adde
567 3277 659 3368 quod
688 3277 832 3346 materia
861 3278 937 3368 ipsa
971 3278 1014 3346 ad
1043 3278 1157 3348 nullas
1183 3280 1305 3348 attinet

77 3440 317 3511 contentiones
340 3438 407 3509 nisi
435 3439 478 3508 de
502 3437 638 3523 litteris,
665 3437 808 3507 cumin
838 3437 960 3506 formis
988 3437 1125 3508 dicendi
1150 3444 1304 3510 tantum-

81 3600 185 3670 modo
218 3604 374 3670 versatus
407 3598 464 3686 sit,
499 3597 768 3689 disserueritque
796 3598 898 3667 unice
920 3598 963 3666 de
1003 3604 1075 3668 arte
1110 3598 1247 3668 dicendi
1272 3604 1305 3669 et

80 3761 238 3831 versibus
269 3758 515 3851 componendis
548 3763 582 3828 et
622 3758 775 3828 numeris
808 3780 934 3827 canore
958 3758 1195 3850 disponendis.
1218 3761 1305 3843 Quae

81 3945 161 3993 cum
198 3923 247 3991 ita
289 3922 369 4008 sint,
418 3920 501 3991 dum
547 3918 779 4012 philosophiae
827 3941 938 4010 neque
980 3919 1157 3989 doctrinas
1195 3944 1306 4012 neque

77 4088 252 4177 praecepta
279 4068 396 4173 agitat,
427 4081 468 4151 de
505 4080 630 4172 quibus
665 4080 756 4149 inter
795 4102 832 4149 se
877 4080 1105 4171 repugnantia
1146 4081 1301 4151 vicissim

79 4247 218 4316 locutus
250 4248 301 4313 est
329 4248 389 4313 aut
413 4243 533 4312 saltem
567 4240 738 4311 contrarie
773 4240 892 4324 sensit,
923 4240 1100 4309 sententiae
1142 4240 1233 4311 inter
1269 4266 1305 4312 se

79 4405 258 4476 discordes
287 4409 345 4474 aut
363 4394 479 4497 ¹uerba
500 4404 576 4496 ipsa
596 4402 686 4471 inter
713 4424 749 4470 se
771 4400 1000 4493 repugnantia
1022 4400 1184 4471 videntur
1211 4402 1304 4472 haud

78 4564 181 4635 facile
217 4564 364 4634 inveniri
391 4563 571 4653 notarique
602 4583 716 4653 posse.
748 4561 868 4651 ltaque
900 4565 1000 4661 putes
1034 4583 1106 4630 non
1138 4583 1213 4631 esse
1242 4586 1303 4633 cur

76 4726 161 4795 libri
194 4726 361 4795 editiones
389 4724 571 4815 diligenter
599 4721 893 4813 introspiciamus.
