2942 5100
682 462 841 526 ..84-

150 658 182 708 et
195 651 252 709 dee
266 649 387 719 heines,
395 648 471 705 dont
484 647 516 704 la
529 655 602 722 part
613 654 763 723 pourtant
778 655 826 705 est
839 646 959 721 grande
972 646 1046 703 cher
1062 661 1097 703 oe
1110 645 1188 703 rude
1202 652 1234 702 et
1247 646 1363 704 brillant

150 776 234 836 eleul
245 776 284 834 de
298 773 446 833 Madame
457 773 498 832 de
510 771 692 831 Maintenon
707 773 766 848 (1).

149 1064 184 1131 et

197 1362 278 1419 Tout
292 1377 327 1418 ce
338 1361 417 1418 re'cit
428 1368 477 1417 est
489 1376 532 1416 nn
547 1376 608 1433 pen
624 1359 746 1433 poetice
760 1375 800 1417 cn
810 1360 928 1434 fovear
940 1360 978 1416 de
996 1358 1115 1416 lodelle
1133 1359 1188 1434 qui
1214 1375 1254 1416 ne
1278 1360 1362 1416 calci!

142 1503 200 1561 poa
215 1493 283 1544 tant
285 1527 341 1544 .....

186 1772 264 1856 Qua
303 1772 341 1839 in
393 1770 614 1841 adnotatione
666 1772 708 1842 de
760 1773 901 1841 Jodelle
948 1770 1023 1840 haec
1071 1769 1175 1840 etiam
1228 1769 1366 1840 addebat

140 1942 401 2010 Solate-Becco
423 1953 429 1999 :

192 2256 243 2316 On
263 2258 343 2315 n'est
368 2271 484 2330 ramera
511 2271 617 2313 mreux
640 2257 714 2330 juge
741 2273 802 2330 que
828 2274 887 2331 par
912 2273 964 2314 ses
992 2258 1073 2314 amis
1095 2211 1277 2316 litteraires.
1291 2258 1364 2315 Mais

139 2384 208 2441 cela
222 2383 288 2440 s’en
298 2400 340 2440 va
355 2390 489 2440 souvent
500 2399 539 2439 en
552 2382 648 2455 petits
659 2390 754 2450 moto,
769 2383 875 2440 tandis
884 2399 946 2456 qne
958 2383 1004 2440 les
1015 2383 1121 2458 alogos
1133 2385 1227 2442 ecrite
1240 2393 1363 2455 restent,

140 2515 171 2568 et
189 2509 221 2567 la
235 2507 385 2583 poscente
400 2523 436 2566 se
449 2506 600 2582 mdprend
613 2508 665 2581 (2).

184 2795 231 2863 At
264 2815 375 2883 neque
411 2792 530 2863 laudes
566 2790 689 2877 voluit,
724 2814 812 2883 quas
847 2792 919 2884 ipse
961 2799 1191 2879 concesserat,
1222 2795 1364 2867 intactas

140 2975 340 3045 permanere
375 2976 383 3022 :
436 2952 558 3023 recidit
606 2951 744 3044 igitur;
795 2974 907 3044 neque
957 2957 1071 3041 notas,
1114 2977 1200 3046 quaa
1253 2957 1364 3027 animo

139 3118 357 3207 conceperat,
406 3113 443 3181 in
479 3117 601 3183 tenues
651 3134 754 3182 voces
813 3113 947 3183 dilabi:
994 3116 1188 3186 enuntiavit
1246 3117 1360 3208 igitur.

141 3275 333 3366 Scripserat
366 3273 471 3360 enim,
511 3272 610 3364 qnasi
644 3272 839 3343 doctrinam
877 3298 897 3342 a
934 3278 1131 3346 Molhcrbc
1172 3276 1291 3365 latam,
1324 3300 1363 3348 ex

141 3459 181 3506 eo
214 3435 307 3526 quod
335 3434 468 3505 insulsa
491 3455 567 3503 eam
595 3437 826 3504 consecutura
851 3438 978 3522 essent,
1013 3435 1208 3507 refelleret:

192 3736 284 3795 Cette
298 3736 489 3811 explication
504 3736 615 3809 simple
634 3742 665 3791 et
683 3741 768 3793 nette
783 3754 804 3794 a
817 3737 875 3794 fait
899 3737 1039 3809 fortune3
1054 3746 1124 3796 tout
1149 3741 1179 3797 le
1196 3740 1310 3799 monde
1324 3758 1361 3798 en

139 3863 258 3919 Franco
274 3861 385 3936 depuis
399 3860 561 3919 Malherbe
573 3878 594 3918 a
608 3861 745 3935 compris
758 3870 912 3919 comment
926 3879 966 3919 on
978 3862 1123 3937 fabrique
1135 3864 1165 3921 le
1181 3881 1254 3923 vers
1263 3885 1271 3936 3
1280 3874 1311 3923 et
1323 3866 1360 3924 de

138 4002 197 4043 nos
209 3989 298 4060 jours
312 4003 435 4057 encore,
449 3987 473 4044 il
484 3993 531 4044 eat
547 3985 696 4044 loisibled
710 3986 1048 4062 chacnndeaocligner
1060 3989 1114 4046 dec
1127 3988 1270 4050 cherillca
1284 3991 1360 4049 dona

140 4113 185 4171 lea
201 4131 221 4171 «
238 4114 440 4172 Meditotiono
455 4131 476 4171 »
490 4119 520 4170 et
533 4115 611 4170 donc
626 4131 647 4170 <‹
662 4112 854 4171 Gromwell»
869 4114 877 4171 l
893 4112 952 4188 (3).

186 4460 221 4521 (l)
237 4458 296 4509 Vlde
313 4460 346 4522 G,
363 4459 423 4510 141
442 4458 521 4509 adnot.
534 4467 557 4509 et
568 4458 636 4522 1.‚1‚
651 4458 722 4519 244,
735 4460 816 4511 adnot.

189 4569 223 4630 (2)
237 4569 294 4617 Vide
310 4570 343 4631 G,
358 4570 420 4620 200
436 4571 515 4619 adnot.
527 4579 550 4620 et
564 4572 598 4633 L,
611 4571 631 4629 1,
646 4572 716 4634 358,
734 4572 816 4624 adnot.

190 4679 223 4739 (a)
240 4679 297 4727 Vide
311 4679 342 4741 Β,
362 4681 431 4731 100.
