2942 5100
587 581 747 645 ..38-

55 769 118 824 lieu
143 768 362 836 dor-nements,
390 766 427 824 de
451 767 578 823 nombre
605 772 636 822 et
668 765 706 821 de
729 765 847 825 cesare.
885 767 1045 841 Quelques
1082 777 1189 827 contes
1216 771 1282 844 gri-

53 894 135 961 vois,
163 893 314 966 quelques
340 908 458 965 propos
494 891 576 948 nelis
618 890 760 947 d'amour
800 898 832 948 et
868 891 909 949 de
949 893 1035 949 table
1068 894 1280 968 n’exigeaient

53 1021 148 1091 gnere
175 1018 232 1075 des
259 1034 439 1074 ressources
470 1017 540 1089 plus
571 1016 708 1090 grandes
741 1025 782 1086 et,
811 1017 892 1074 dans
917 1017 1086 1091 l’agreablc
1111 1023 1282 1079 entrelacc-

54 1150 140 1198 ment
164 1142 237 1199 d’un
266 1142 381 1210 motet,
409 1141 489 1198 dans
515 1142 547 1198 la
572 1141 762 1214 chutegssbien
787 1142 917 1199 amente
938 1141 1012 1199 d’un
1032 1143 1182 1215 rendered,
1197 1146 1281 1203 dans

54 1267 83 1324 le
110 1267 227 1324 refrain
252 1268 375 1324 naturel
405 1274 436 1324 et
454 1265 546 1324 facile
572 1266 662 1324 d'une
684 1266 816 1335 bellede,
850 1267 873 1322 il
908 1284 929 1340 y
956 1269 1044 1324 avait
1074 1285 1165 1326 assez
1200 1288 1282 1344 pour

54 1393 240 1465 surprendre
266 1400 297 1450 et
323 1393 476 1450 charmer.
508 1392 587 1448 Vers
612 1391 641 1448 le
663 1391 770 1448 milieu
797 1391 841 1448 du
870 1398 925 1448 xv⁶
955 1393 1059 1462 siecle,
1088 1410 1141 1451 ces
1176 1396 1280 1452 essais

54 1519 213 1576 modestes
241 1519 368 1575 avaient
400 1516 442 1573 dtl
470 1517 621 1590 quelques
648 1517 763 1590 greces
802 1516 957 1574 nouvelles
987 1519 1008 1573 a
1036 1517 1167 1576 Charles
1194 1521 1283 1579 d'Or-

54 1643 143 1698 lc'ans
171 1649 203 1698 et
229 1644 250 1698 a
273 1641 387 1698 Villon.
424 1641 484 1698 hes
512 1640 673 1713 premiere,
700 1639 741 1696 ils
766 1647 822 1696 ont
842 1639 1014 1698 debroaille
1049 1659 1092 1698 un
1118 1660 1214 1717 genre
1238 1643 1280 1702 de

27 1749 28 1752 ¹
54 1767 163 1840 poesie
186 1766 240 1839 qui
268 1782 288 1822 a
315 1773 437 1822 surtout
467 1765 571 1821 reussi
602 1765 683 1821 dans
714 1764 796 1838 l’dge
826 1730 962 1835 suivant,
998 1773 1031 1822 et
1060 1765 1137 1822 dont
1161 1766 1282 1842 l'eaprit

56 1907 90 1946 se
115 1897 336 1946 transmettant
363 1893 462 1946 meme
491 1891 583 1962 apres
609 1905 671 1962 que
698 1889 730 1944 la
745 1889 871 1961 ¹langue
905 1895 960 1946 etlt
979 1891 1096 1963 permis
1125 1892 1281 1965 eugenie

52 2025 121 2072 tout
147 2033 205 2072 son
230 2033 328 2086 esser,
359 2034 378 2073 a
407 2016 550 2073 continue
571 2031 646 2071 sous
673 2014 730 2071 des
760 2013 882 2086 plumes
913 2014 1035 2088 legeres
1064 2024 1096 2072 et
1116 2015 1280 2074 brillantes

56 2141 96 2199 de
123 2143 202 2198 faire
229 2143 259 2200 le
278 2141 405 2200 cherma
423 2148 454 2198 et
485 2141 517 2198 la
542 2140 638 2215 gloire
663 2139 703 2196 de
731 2139 764 2196 la
792 2139 957 2196 Franco...
970 2140 1013 2212 (ι)

104 2497 119 2540 o
154 2476 287 2542 Teooit
314 2475 392 2540 lieu
417 2471 678 2557 d'orrtemeotc,
702 2472 748 2540 de
773 2474 929 2540 nombre
951 2477 987 2540 et
1015 2473 1061 2540 de
1088 2470 1218 2542 occure
1249 2499 1281 2559 »‚

61 2658 74 2699 o
106 2638 157 2703 les
193 2636 325 2720 arctoas
369 2636 557 2702 nouvelles
591 2656 621 2717 »,
660 2655 675 2699 c
721 2630 932 2701 dooroutlte
973 2653 1028 2700 ure
1063 2652 1180 2719 ocare
1222 2656 1237 2699 r
1272 2656 1284 2701 .·
1381 2717 1384 2720 Ι

57 2794 217 2884 agnoscis
239 2792 393 2884 profecto
435 2793 542 2861 verba
589 2793 664 2883 ipsa
703 2792 831 2882 quibus
872 2814 957 2861 usus
1004 2796 1079 2860 erat
1126 2794 1282 2862 Boileou

56 2954 212 3023 dociliter
241 2953 355 3021 denuo
393 2952 559 3037 adhibita,
581 2952 713 3021 sicut«
746 2956 890 3021 triolets
928 2976 959 3038 l,
987 2978 1005 3017 <‹
1034 2954 1233 3022 roudeauoo
1263 2976 1279 3019 »

58 3122 92 3186 et
122 3140 137 3183 o
157 3117 321 3185 hellades
338 3137 368 3201 r,
385 3118 584 3205 poematum
611 3134 739 3204 genera
768 3112 892 3181 iisdem
932 3112 1134 3183 nominibus
1154 3112 1282 3204 quibus

59 3278 320 3347 enumeraverat
346 3274 417 3360 ille,
450 3296 573 3343 rursus
607 3277 818 3343 enumerata.
850 3273 923 3342 Nec
946 3272 1128 3364 opiniones
1165 3274 1283 3343 minus

57 3437 202 3505 fideliter
234 3435 436 3505 redduntur.
468 3435 580 3526 Igitur
614 3433 701 3501 nihil
730 3437 782 3501 est
820 3433 856 3501 in
897 3433 975 3512 hoc„
996 3434 1165 3525 prooemio
1191 3434 1285 3524 quod

59 3621 129 3665 non
163 3597 313 3665 declaret
344 3596 504 3664 criticum
521 3596 614 3663 Arte
633 3598 782 3679 poetice
805 3594 978 3664 imbutum
1003 3616 1081 3664 esso
1121 3598 1154 3664 ct
1172 3595 1285 3664 omni-

60 3760 125 3827 bus
164 3758 200 3825 in
238 3756 342 3825 rebus
380 3775 552 3823 summam
585 3754 689 3823 fidem
725 3754 843 3845 legum
873 3754 1099 3825 classicorum
1123 3755 1286 3846 scriptori

61 3918 225 3986 tribuere.

107 4080 260 4160 Frustra,
292 4076 347 4145 die
388 4076 534 4166 septimo
583 4074 717 4143 decimo
760 4074 889 4143 mensis
935 4075 1109 4160 Octobris,
1138 4078 1285 4147 Sainte-

59 4243 182 4311 Beuoe
215 4242 356 4307 coactus
390 4241 442 4306 cst
468 4235 567 4305 fateri
589 4236 793 4326 magistrum
808 4258 912 4303 suum
941 4235 1159 4326 aliquantum
1190 4259 1287 4305 erra-

60 4401 164 4485 visse,
199 4421 262 4468 nec
293 4420 419 4489 negare
446 4399 559 4489 potuit
587 4397 687 4466 illum
711 4399 910 4487 poematum
943 4398 1175 4488 quorumdam
1192 4398 1287 4490 (bal-

121 4715 154 4778 (l)
170 4715 276 4767 llideG.
298 4742 326 4755 ·-
357 4716 402 4767 llic
425 4717 492 4767 locus
519 4716 619 4767 omniuo
644 4722 750 4765 mutatus
767 4714 855 4772 estin
874 4714 935 4777 ΕΛ
950 4728 1004 4777 sqq,
1020 4716 1052 4778 G,
1077 4716 1097 4766 c
1128 4732 1174 4783 sqq
1198 4726 1222 4770 et
1247 4721 1291 4780 L,

55 4804 75 4863 l,
92 4805 113 4853 9
132 4818 185 4867 sqq.
