2942 5100
650 527 810 590 ..21-

113 713 190 782 haec
235 717 337 803 atque
377 711 461 781 talia
503 713 740 802 pronuntiavit
782 735 873 781 anno
913 712 1097 782 millesimo
1126 715 1342 806 octingente-

113 873 203 941 simo
236 872 402 941 vicesimo
436 877 572 962 quarto,
612 871 669 942 ille
701 872 856 963 profecto
889 872 925 940 in
956 873 1190 964 suspicionem
1222 877 1341 944 venire

113 1056 186 1102 non
218 1037 332 1122 potest
362 1032 454 1122 quod
483 1033 588 1101 fuerit
623 1055 740 1103 rerum
772 1056 942 1102 novarum
969 1036 1095 1104 fautor.

157 1195 211 1264 Ne
239 1199 355 1262 tamen
383 1194 470 1263 forte
499 1193 618 1263 credas
651 1195 763 1280 illum,
800 1217 881 1264 cum
923 1196 1087 1266 classicos
1118 1196 1218 1266 valde
1261 1219 1344 1288 pro-

112 1355 224 1442 baret,
259 1355 454 1424 inconsulte
488 1377 616 1424 nomen
644 1378 748 1425 suum
774 1354 910 1425 dedisse
940 1361 979 1426 ut
1006 1358 1043 1426 in
1071 1357 1192 1426 castris
1221 1380 1341 1427 eorum

113 1515 287 1605 stipendia
319 1516 431 1606 prima
458 1516 596 1602 faceret,
631 1517 691 1607 qui
727 1516 879 1586 classicae
920 1517 1085 1587 doctrinae
1133 1518 1219 1588 falso
1256 1543 1342 1589 con-

112 1674 303 1744 tendebant
328 1697 363 1744 se
396 1675 593 1744 defensores
621 1698 660 1743 ac
688 1679 854 1765 patronos
882 1698 982 1745 esse:
1005 1680 1171 1763 Viennet,
1195 1676 1338 1763 scilicet,

111 1834 167 1903 vel
219 1837 359 1923 Asper,
403 1834 458 1904 vel
503 1839 587 1923 Jay,
632 1835 687 1904 vel
744 1836 1083 1908 Bacca-cormaco.
1132 1838 1219 1907 Cum
1264 1838 1341 1908 istis

112 1995 276 2066 obsoletae
309 1996 392 2064 artis
421 1995 558 2066 dicendi
586 1996 778 2065 fautoribus
804 1996 939 2099 ‘foedere
968 1996 1102 2066 nullam
1126 1999 1342 2068 confirmavit

111 2157 325 2226 societatem.
375 2157 479 2243 Nam,
522 2157 586 2225 etsi
635 2157 772 2245 septimi
813 2157 939 2226 decimi
981 2157 1089 2226 seculi
1131 2158 1341 2250 exemplaria

110 2317 231 2387 vivido
269 2339 385 2386 amore
418 2316 614 2409 perlegebat
651 2322 752 2409 atque
795 2318 953 2409 religiose
998 2318 1130 2388 colebat
1168 2324 1341 2410 praecepta

112 2479 153 2546 ab
203 2477 354 2569 antiquis
393 2477 531 2565 tradita,
562 2482 691 2565 tamen,
736 2501 816 2547 cum
863 2482 961 2548 aetate
1005 2480 1143 2550 floreret
1175 2484 1209 2548 et
1238 2480 1339 2571 juve-

112 2638 176 2707 nili
210 2638 330 2708 ardore
352 2639 524 2729 flagraret,
560 2638 712 2708 novitate
735 2639 970 2749 delectabatur
998 2639 1147 2731 quadam
1170 2640 1338 2731 legitima.

112 2799 212 2868 Adde
265 2798 371 2889 quod,
425 2799 514 2869 inter
560 2799 813 2889 conscriptores
859 2800 1090 2891 ephemeridis
1138 2805 1187 2869 Le
1230 2803 1340 2870 Globc

112 2961 321 3053 adscriptus
350 2984 470 3032 eorum
497 2962 720 3052 opinionibus
746 2963 1010 3048 assentiebatur,
1032 2984 1108 3053 quae
1133 2965 1339 3031 vetustatem

112 3104 207 3173 haud
237 3104 448 3174 redolebant.
489 3104 637 3195 Jamjam
671 3106 707 3173 in
750 3106 896 3197 collegio
943 3104 1098 3173 assidens
1139 3104 1337 3190 Parisiensi‚

111 3265 235 3335 litteris
273 3266 372 3334 novis
400 3266 662 3357 diligentissime
694 3265 875 3336 studuerat
907 3271 940 3336 et
981 3265 1144 3335 omnibus
1185 3266 1337 3334 motibus

112 3426 279 3496 incitatus
330 3429 415 3514 erat,
459 3427 518 3518 qui
562 3427 598 3494 in
646 3426 771 3495 animis
811 3427 1000 3517 legentium
1045 3425 1212 3494 mirandis
1255 3425 1337 3493 novi

113 3587 250 3677 generis
279 3587 441 3677 operibus
473 3586 629 3655 suscitati
663 3591 760 3656 erant
790 3588 850 3679 (l).
881 3588 1014 3677 ltaque,
1042 3586 1169 3656 talibus
1196 3608 1337 3677 poema-

113 3746 206 3815 tibus
243 3745 341 3814 lectis
375 3749 477 3835 atque
510 3746 677 3836 probatis,
712 3746 871 3837 imperito
910 3746 1050 3837 quidem
1074 3767 1337 3836 nonnumquam

110 3903 242 3996 judicio
276 3904 380 3974 etiam
410 3928 494 3974 usus
523 3910 575 3974 est
612 3906 649 3974 in
677 3906 812 3993 litteris,
842 3911 880 3976 ut
916 3930 1038 3976 versus
1068 3906 1338 3977 Messduieuues

159 4397 193 4461 (l)
211 4397 268 4447 Vide
278 4397 396 4448 &accam
412 4402 434 4447 ct
447 4397 612 4457 ludi-serenans,
630 4397 671 4449 '77
689 4412 695 4447 ε
713 4397 799 4447 «Nous
814 4398 891 4447 teiam
910 4396 942 4447 tec
955 4410 1073 4447 menecea
1088 4397 1155 4446 lieres
1169 4402 1215 4446 tout
1231 4397 1295 4461 baut,
1310 4412 1338 4449 en

113 4490 254 4537 recreatos:
268 4502 296 4537 en
313 4502 341 4537 ae
356 4502 380 4537 se
395 4488 464 4551 ᾕρητο
475 4490 526 4553 plus
539 4490 692 4552 aujourd'boi,
703 4502 732 4538 oa
747 4503 777 4538 ae
788 4492 842 4553 peut
854 4488 906 4553 plac
916 4501 940 4536 re
947 4489 1030 4550 pomer
1039 4487 1091 4550 quel
1103 4487 1274 4552 actuosam,
1286 4490 1339 4553 quet

115 4582 225 4641 tromper!
241 4591 264 4626 ce
281 4579 316 4639 [ut
329 4592 386 4641 pour
401 4578 432 4627 lec
447 4580 552 4642 premiers
568 4592 614 4628 cerr
628 4578 655 4627 de
663 4577 792 4627 Locrorum
803 4577 877 4649 parnei
891 4591 947 4626 crac
960 4576 987 4625 dc
996 4580 1059 4624 eolre
1071 4575 1129 4638 ‘¹⁹03
1142 4589 1203 4625 nous
1224 4583 1279 4627 tous
1297 4579 1338 4642 qui

114 4666 222 4716 roulious
231 4665 288 4715 taire
302 4666 345 4715 des
356 4678 420 4730 rere,
432 4682 494 4717 nous
507 4668 585 4718 runca
600 4667 716 4728 touchts3
730 4668 931 4716 nocumentum
946 4667 968 4715 u
985 4666 1158 4727 bonaco-eom
1173 4664 1239 4713 d'uae
1255 4666 1337 4714 revelo

115 4756 169 4819 tun,
187 4770 218 4817 un
234 4755 297 4806 scleil
310 4770 412 4807 noucaac
423 4770 478 4805 acca
494 4758 586 4806 arrived
600 4761 621 4804 et
632 4769 688 4804 accc
700 4755 834 4819 rtcbuaffait
844 4755 895 4816 deit
905 4751 931 4803 de
942 4768 976 4802 sea
989 4765 1072 4815 repom
1085 4768 1109 4800 a.
