2942 5100
684 457 844 524 -25-

152 644 322 714 addideris
359 645 400 715 de
437 646 541 716 rebus
580 644 709 714 divinis
753 649 787 713 et
827 643 987 714 civilibus
1021 643 1159 734 penitus
1192 643 1377 712 dissentire

153 769 381 896 ephemeridis
414 810 468 875 La
504 808 609 874 Meae
657 809 850 892 fraccciae
897 803 1165 895 conscriptores,
1206 802 1377 872 catholica

153 965 219 1034 fide
248 965 401 1036 imbutos
425 989 466 1034 ac
501 965 640 1056 regibus
672 987 777 1056 quam
814 962 1048 1050 fidelissimae,
1077 967 1112 1031 et
1146 962 1375 1056 ephemeridis

152 1133 202 1198 Le
231 1131 353 1211 Globe,
372 1125 592 1216 relligionum
624 1123 843 1229 impatientes
872 1130 905 1194 et
929 1147 1045 1216 regem
1075 1128 1171 1216 (cum
1202 1125 1376 1194 videretur

154 1287 248 1379 regia
279 1291 431 1379 potestas
474 1285 680 1376 necessaria)
725 1307 817 1376 aegre
859 1309 899 1354 ac
932 1286 969 1353 in
1011 1285 1084 1355 dies
1128 1285 1254 1376 aegrius
1291 1285 1376 1353 tole-

153 1453 295 1533 rantes;
330 1447 508 1538 intelleges
543 1469 605 1515 cur
646 1448 918 1517 Saiote-Beuoe
962 1446 1004 1515 de
1046 1468 1151 1536 opere
1187 1470 1207 1514 a
1257 1450 1376 1533 Vipnp

154 1608 346 1701 composito
385 1613 456 1676 tam
497 1629 631 1697 aspere,
668 1609 774 1676 immo
808 1608 937 1700 injuste
979 1607 1156 1699 scripserit
1191 1606 1237 1698 (l)
1273 1610 1377 1697 atque

153 1773 274 1863 postea
311 1770 352 1838 de
390 1749 581 1837 romantica
618 1768 777 1860 doctrina
809 1767 934 1837 dixerit
982 1791 1019 1838 se
1060 1793 1076 1836 r
1110 1768 1194 1836 satis
1228 1768 1270 1836 ab
1308 1768 1377 1836 hoc

154 1953 278 2021 genere
311 1929 483 1998 scribendi
512 1929 663 2020 primum
693 1929 915 1998 abhorruisse
951 1952 966 1995 a
1001 1929 1063 2020 (2).

198 2091 249 2159 Nc
289 2090 426 2174 multa;
470 2089 601 2158 litteras
639 2111 719 2159 vere
759 2088 921 2158 classicae
962 2090 1067 2158 etiam
1116 2088 1378 2158 undevicesimo

154 2251 270 2320 seculo
304 2272 377 2320 esse
413 2273 453 2318 ac
486 2272 619 2340 semper
652 2249 725 2319 fore
751 2249 873 2341 dignas
905 2272 982 2341 quae
1012 2248 1241 2318 admiratione
1272 2271 1379 2338 quam

154 2411 322 2480 acerrime
382 2410 534 2501 legentes
588 2414 780 2495 moverent,
830 2413 863 2478 at
913 2409 1050 2479 easdem
1099 2408 1207 2500 (quod
1253 2408 1378 2477 saltem

154 2572 276 2642 attinet
306 2572 349 2641 ad
390 2572 548 2668 proprias
595 2594 715 2641 earum
759 2573 851 2641 vires
896 2576 930 2640 et
975 2570 1134 2663 virtutes)
1174 2592 1380 2664 permanere

153 2739 328 2824 tamquam
379 2733 586 2825 exemplaria
629 2732 856 2823 scriptoribus
904 2732 1144 2823 proponenda,
1179 2755 1257 2823 quae
1307 2731 1377 2798 nisi

154 2894 399 2981 imitarentur„
430 2894 551 2963 saltem
595 2893 776 2984 adaequare
820 2897 1028 2963 conarentur
1070 2917 1077 2962 :
1121 2892 1156 2961 id
1206 2892 1382 2961 statuebat
1467 2915 1469 2922 ·

154 3057 425 3127 soraee-Reme
467 3055 566 3146 quasi
612 3056 765 3146 primum
805 3054 980 3123 litteraria
1021 3053 1102 3123 fidei
1158 3054 1295 3144 dogma.
1333 3096 1382 3105 —

154 3219 302 3287 Necesse
337 3220 452 3286 autem
478 3238 552 3286 esse
584 3216 769 3307 scriptores
794 3239 869 3285 sese
898 3216 1114 3306 temporibus
1146 3215 1219 3283 suis
1240 3238 1382 3284 accom-

154 3378 295 3447 modare
332 3381 433 3468 atque
480 3378 669 3448 sententias
706 3399 816 3445 novas
843 3379 904 3445 aut
930 3379 1085 3445 veterum
1127 3376 1381 3446 sententiarum
1467 3397 1469 3412 ·

156 3562 266 3609 novos
299 3539 431 3609 colores
458 3538 601 3607 reddere
631 3541 664 3606 et
691 3538 807 3607 verbis
843 3536 1107 3624 recentioribus,
1138 3537 1234 3605 omui
1263 3542 1381 3605 tamen
1467 3537 1469 3628 f

155 3700 294 3769 insolita
328 3704 361 3769 et
397 3704 523 3768 temere
556 3698 703 3767 formata
723 3721 809 3767 voce
837 3698 988 3782 exclusa,
1025 3701 1058 3767 et
1085 3697 1243 3767 versibus
1274 3699 1381 3789 paulo
1467 3717 1469 3792 j

155 3858 391 3944 liberioribus,
434 3859 510 3950 lege
549 3857 775 3928 nihilominus
820 3859 969 3950 quadam
1013 3859 1166 3927 numeris
1208 3858 1379 3944 adhibita,
1467 3849 1469 3940 j

156 4025 189 4089 et
235 4019 372 4089 dicendi
408 4021 518 4088 forma
560 4020 756 4107 audaciore,
800 4020 922 4110 putido
969 4042 1128 4088 sermone
1169 4018 1320 4088 devitato
1372 4042 1379 4087 :
1467 4009 1469 4076 ἕ

156 4180 254 4271 quasi
284 4180 476 4250 secundum
503 4180 628 4272 dogma
659 4182 808 4251 tenebat.
825 4220 870 4232 -—
898 4181 1051 4249 Tertium
1084 4202 1178 4265 vero,
1210 4181 1381 4248 maximos
1467 4209 1469 4260 ;

203 4502 237 4565 (l)
253 4502 310 4550 vida
323 4501 431 4550 Portrcitr
447 4504 632 4564 contemperatur,
645 4502 679 4559 ΙΙ,
694 4501 766 4553 538.

203 4607 238 4669 (2)
256 4606 313 4656 Vide
329 4605 423 4663 tanda,
434 4606 475 4668 Xl,
491 4606 553 4657 532
563 4604 591 4655 :r
605 4607 641 4669 J'y
657 4608 713 4655 elota
722 4622 784 4656 casea
799 4608 955 4671 catapctbiqae
966 4609 1092 4671 jusque-td,
1109 4608 1203 4657 doecre
1215 4608 1246 4657 de
1259 4608 1384 4669 roycttsme

158 4699 179 4742 et
195 4694 221 4742 de
237 4695 259 4743 tc
276 4695 440 4757 mysticaeque
454 4697 700 4758 J'eacpcrtaoectspor
716 4710 739 4745 u.
1467 4689 1469 4692 ¹
