2942 5100
635 552 797 617 ..37-

91 737 254 827 capitum
287 737 329 807 de
368 741 463 808 sexto
502 737 638 808 decimo
674 739 806 823 seculo,
841 739 935 807 illurn
975 761 1012 807 se
1050 739 1326 832 compositurum

93 919 171 966 esso
201 897 397 985 denuntiat,
433 897 501 985 his,
536 905 575 968 ut
603 901 677 991 jem
709 899 875 985 vidimus,
908 900 1049 970 verbis:

147 1257 197 1314 Lu
233 1257 315 1315 serie
340 1256 539 1315 d'urticles...
563 1265 690 1331 portora
711 1258 996 1340 particulierement
1015 1274 1070 1315 sur
1089 1257 1232 1331 l’epoquo
1246 1256 1327 1314 deci·

95 1383 164 1439 sive
191 1381 235 1440 de
262 1382 341 1453 1550,
370 1385 411 1439 ou
440 1382 617 1440 dimitation
642 1382 681 1439 de
709 1382 882 1458 l'antiquitd
905 1384 969 1441 rint
989 1383 1211 1456 brusqucmeut
1236 1383 1329 1438 tuterk

95 1522 226 1580 rompre
255 1505 284 1564 lc
308 1505 557 1580 developpcment
584 1507 711 1564 natural
738 1513 769 1563 ct
808 1506 874 1564 lent
903 1507 941 1564 dc
969 1513 1058 1566 notre
1086 1506 1186 1566 vieille
1206 1505 1326 1564 liudm-

96 1637 166 1689 ture
191 1631 341 1706 gualoius
368 1632 423 1704 (1).

141 1943 223 2026 Qua
247 1943 419 2013 sententia
453 1965 525 2012 non
561 1943 734 2034 significet
768 1965 805 2013 se
842 1965 968 2034 magne
1002 1943 1194 2012 voluntatis
1221 1942 1324 2011 incli-

97 2104 240 2174 natione
282 2106 319 2172 in
362 2126 417 2173 res
472 2103 658 2172 inusitatus
717 2103 934 2195 propendere
977 2126 1064 2194 ques
1122 2105 1323 2172 Pleiadum

98 2266 287 2357 scriptores
320 2264 438 2335 adorsi
471 2265 553 2333 sint.
584 2266 697 2333 Instar
727 2266 885 2335 Boilcou
912 2265 1035 2354 ipsius,
1056 2285 1196 2334 censere
1227 2262 1324 2334 vide-

99 2433 154 2497 tur
196 2426 315 2495 omnic
344 2448 363 2494 a
399 2427 574 2496 Roorard
605 2425 791 2494 indiscrete
818 2425 924 2494 fuisse
962 2424 1184 2508 commixtu;
1219 2427 1253 2493 et
1293 2424 1324 2492 si

100 2589 321 2679 temperatius
347 2587 446 2657 illurn
479 2588 608 2677 culpat,
642 2608 801 2678 expresse
825 2592 941 2657 tumen
974 2587 1102 2678 culpet.

143 2750 248 2819 Initio
277 2748 418 2839 quidem
446 2748 550 2839 primi
577 2749 713 2839 cepitis,
744 2748 933 2818 clarissime
966 2746 1192 2816 denuntiatur
1214 2769 1325 2837 quen-

100 2918 174 2981 tum
205 2912 312 2980 Artis
343 2913 502 2997 poetioae
535 2909 695 3000 scriptor,
712 2909 825 2978 valcat
852 2906 943 2999 apud
973 2911 1132 2977 nostrum
1147 2906 1321 2993 criticum,

102 3092 178 3140 cum
207 3068 368 3140 scribat:

149 3416 194 3475 Lu
232 3416 345 3490 langue
386 3413 533 3488 poetique
571 3412 680 3470 n’etait
706 3430 768 3486 pes
790 3413 909 3471 tor-mee
944 3429 984 3471 en
1019 3413 1139 3471 Franco
1177 3429 1219 3471 uu
1244 3431 1323 3473 com·

101 3548 289 3599 mencemeut
313 3539 356 3597 du
385 3550 452 3596 xvr0
478 3536 596 3608 siecle;
625 3553 727 3595 aucun
747 3539 868 3595 homme
893 3538 1056 3612 degente,
1091 3554 1211 3597 comme
1236 3538 1261 3595 n
1283 3556 1324 3597 en

102 3670 243 3739 opparntt
269 3664 464 3739 quelquctois
495 3665 516 3719 d
547 3662 687 3736 l’origine
722 3663 781 3719 des
815 3662 1007 3721 litteratus-es
1036 3663 1154 3721 n’avuit
1178 3663 1322 3737 imprime

101 3790 250 3847 l'uutorite
277 3787 317 3847 de
344 3788 446 3862 reples
472 3790 493 3843 t
521 3802 555 3844 ce
582 3787 638 3861 qui
666 3788 747 3844 n’est
771 3787 903 3846 d’abord
940 3789 1035 3861 qu'un
1065 3789 1206 3847 heureux
1229 3789 1322 3846 choix

104 3913 254 3971 d’iustinct
278 3929 287 3982 3
316 3928 418 3970 aucun
442 3910 581 3969 ecrivain
608 3914 628 3968 t
652 3912 790 3986 grandes
818 3912 952 3986 pensees
980 3928 1100 3970 comme
1125 3913 1260 3971 Homero
1280 3931 1322 3972 ou

104 4037 199 4096 Dante
222 4037 340 4095 n’avait
368 4034 408 4094 de
435 4036 644 4095 bonneheure
666 4037 748 4094 senti
770 4037 816 4094 les
839 4037 979 4106 besoins,
999 4035 1111 4095 devint
1131 4038 1178 4095 les
1205 4046 1323 4096 secrete

105 4161 139 4220 de
163 4163 195 4219 le
219 4161 442 4233 versification,
463 4169 504 4231 et,
529 4178 589 4219 une
616 4160 677 4217 tois
705 4162 844 4231 trouves‚
880 4177 920 4219 ne
933 4161 981 4218 les
995 4162 1082 4218 avait
1106 4163 1267 4238 incnlques
1302 4166 1322 4220 t

105 4304 152 4345 scs
187 4288 438 4362 contempornins
473 4290 493 4343 u
529 4287 614 4344 force
642 4286 680 4343 de
712 4286 834 4360 poesie.
882 4286 928 4343 Lu
954 4288 1035 4343 rime
1066 4304 1201 4362 presque
1234 4288 1320 4346 seule

106 4414 231 4471 suffisait
257 4416 278 4469 e
304 4412 431 4470 l'oreille
457 4411 637 4485 indulgente
662 4411 703 4469 de
728 4428 786 4467 nos
823 4411 903 4469 bons
938 4414 1033 4468 uteux
1068 4419 1100 4469 et
1131 4412 1198 4469 leur
1220 4407 1330 4469 tenuis

160 4787 194 4852 (t)
209 4786 267 4837 Vide
281 4786 316 4838 G.
334 4813 362 4826 -
379 4784 436 4836 Huc
455 4782 576 4835 adnuntio
589 4795 666 4844 neque
682 4782 707 4833 tu
721 4782 753 4845 S,
766 4793 843 4842 nsque
856 4779 881 4829 tn
897 4778 932 4839 0,
948 4778 1064 4838 usquein
1080 4778 1115 4837 1..
1127 4778 1265 4840 'perscripta
1278 4787 1324 4829 m.
