2942 5100
652 445 814 510 ..63-

757 628 953 686 decidement
977 629 1007 686 le
1032 629 1146 686 dessns
1177 646 1232 687 sur
1256 629 1344 687 l'imi·

757 755 856 811 ration
869 771 1003 829 grecqne
1012 763 1044 812 et
1063 755 1169 812 latine.
1182 755 1270 811 Pour
1283 771 1345 812 une

758 878 844 935 erote
854 896 916 952 peu
924 880 1093 953 originale,
1100 879 1241 955 changer
1248 880 1346 936 uimi-

757 1003 866 1074 ration,
888 1005 972 1075 dest,
993 1022 1033 1063 en
1053 1005 1187 1079 quelque
1206 1011 1290 1063 sorte
1310 1020 1344 1061 ae

752 1127 997 1202 rperseettonner.

163 1401 327 1497 Sensum,
382 1424 450 1491 quo
499 1403 690 1472 absolvitur
728 1408 873 1493 uterque
919 1403 1029 1490 locus,
1075 1405 1145 1474 fere
1195 1405 1343 1474 similem

116 1562 264 1631 forsitan
305 1567 405 1654 putes
442 1586 449 1646 ;
496 1566 531 1631 at
563 1585 611 1648 re,
660 1586 765 1654 quam
809 1563 1010 1634 dissimilis!
1049 1564 1136 1633 Cum
1169 1556 1261 1633 enim
1302 1566 1340 1633 in

117 1723 337 1814 ephemeride
383 1724 501 1792 omnia
541 1724 647 1793 verba
689 1724 848 1793 irrisione
901 1730 935 1794 et
994 1729 1195 1816 contemptu
1241 1727 1341 1816 quasi

117 1885 250 1954 imbuta
287 1885 505 1971 uiderentur,
556 1907 662 1970 nuno,
703 1885 741 1952 in
783 1885 885 1971 libro,
937 1885 1053 1954 omnia
1113 1907 1184 1954 non
1236 1885 1340 1954 modo

117 2041 262 2109 remissa
291 2041 350 2109 sed
381 2041 484 2109 etiam
508 2041 666 2109 ‘secunda
694 2045 872 2132 apparent.

157 2203 268 2270 Tanto
325 2202 441 2271 studio
501 2205 554 2270 est
593 2175 787 2291 propensus
837 2211 1099 2275 sainte-Beona
1140 2201 1177 2268 in
1209 2204 1336 2271 Pleio-

116 2367 206 2432 uum
256 2367 388 2455 poetas,
435 2365 475 2431 ut
520 2361 660 2430 illorum
710 2361 870 2429 inimicos
914 2365 1093 2451 tamquam
1127 2361 1182 2431 sui
1227 2361 1337 2451 ipsius

115 2525 275 2594 inimicos
329 2527 515 2595 aversetur.
551 2523 686 2592 Etenim
725 2546 805 2593 oum
843 2523 879 2590 in
909 2522 1183 2593 romantioorum
1223 2525 1338 2593 Cerau-

116 2692 244 2759 oulum
294 2687 408 2756 aditus
458 2685 490 2753 ei
536 2685 637 2753 datus
688 2689 792 2769 esset,
839 2678 1004 2754 volumen
1047 2684 1240 2753 exhibitum
1287 2688 1340 2754 est

117 2850 145 2917 ei
170 2849 370 2939 poematum
400 2870 419 2914 a
448 2849 642 2932 Desportes
675 2846 965 2935 oonsoriptorum,
983 2844 1109 2933 quibus
1142 2847 1338 2913 Mulherbe

115 3008 255 3100 propria
284 3030 389 3076 manu
418 3006 545 3075 multas
568 3004 808 3075 adnotationes
837 3003 1049 3074 addiderat:
1076 3003 1204 3104 litorum
1225 3004 1337 3073 amieo

114 3191 176 3239 suo
213 3167 385 3238 commisit
426 3191 441 3234 <r
472 3166 625 3236 bonus»
658 3167 816 3235 Nodier.
863 3164 943 3251 Sed,
983 3164 1081 3233 lectis
1122 3165 1339 3233 animadver-

113 3328 269 3397 sionibus
319 3327 408 3413 istis,
461 3326 683 3395 subtristibus
724 3325 864 3415 quidem
914 3329 948 3393 et
987 3324 1138 3414 injustis,
1186 3327 1337 3394 Sainte-

113 3502 231 3564 Beuoe
264 3488 348 3558 arsit
375 3510 457 3557 vera
484 3485 676 3555 iracundia.
710 3486 831 3576 Itaque
857 3486 1003 3575 ‘scripsit
1034 3509 1041 3555 :

162 3742 248 3796 Nous
284 3739 412 3796 auriens
444 3736 536 3811 peine
564 3738 584 3793 ὰ
620 3735 731 3793 rendre
762 3736 793 3791 lu
817 3735 972 3809 fdoheuae
1005 3738 1195 3809 impression
1230 3736 1338 3809 qu'ont

111 3865 253 3939 produite
288 3882 341 3921 sur
381 3870 467 3920 notre
509 3862 608 3934 esprit
642 3860 672 3917 le
714 3860 891 3933 rigorisme,
919 3860 951 3918 la
988 3861 1204 3917 malveillance
1240 3868 1272 3917 et
1305 3860 1338 3916 la

112 3992 264 4049 mauoatse
283 3990 336 4065 foi
358 3988 399 4045 de
420 4004 472 4044 ees
494 3992 585 4043 notes
611 3961 771 4058 oririques.
796 3985 958 4042 Malherbe
982 3983 1092 4040 n’etait
1114 3984 1338 4041 certainement

110 4134 167 4191 pas
195 4116 234 4173 de
259 4111 429 4186 sang-froid
460 4127 499 4167 en
526 4110 572 4167 les
606 4109 755 4167 derivant.
791 4109 918 4165 Hormis
954 4108 984 4165 le
1015 4109 1088 4180 jour
1121 4110 1163 4163 ou
1198 4106 1221 4163 il
1256 4124 1337 4179 raya

110 4240 264 4309 Ronsard‚
288 4236 404 4312 jamais
431 4236 461 4291 le
486 4234 600 4292 demon
634 4234 673 4290 de
708 4234 740 4291 la
776 4234 965 4308 grammaire
994 4249 1034 4290 ne
1069 4233 1100 4288 le
1136 4230 1275 4305 posseda
1307 4232 1336 4286 si

110 4366 321 4437 violemment
335 4363 390 4437 (1).

153 4675 189 4739 (i)
205 4673 261 4724 vide
278 4672 310 4735 Β,
327 4668 390 4723 128
406 4668 488 4729 adnot,
502 4664 534 4726 (t,
550 4662 612 4715 1⁰3
620 4662 691 4712 adnot
706 4668 731 4711 et
745 4662 780 4724 L,
796 4661 818 4723 1,
835 4660 899 4711 182
911 4652 993 4709 aanor
