2942 5100
652 489 692 502 ..
712 455 754 520 24
772 486 813 501 -

120 667 197 713 rum
231 640 398 712 arbitratu
437 663 579 732 operum
613 640 726 734 prima
756 640 867 710 virtus
899 645 988 710 esset
1015 641 1159 710 siveris
1190 640 1352 732 proxima

120 785 331 856 viderentur.
362 785 464 868 Quod
497 785 636 876 quidem
664 785 708 853 ab
741 785 902 854 omnihus
935 783 1128 874 aequalibus
1152 784 1353 874 requireba-

118 950 189 1033 tur,
227 946 256 1014 si
288 969 360 1015 non
392 945 479 1014 falso
514 945 653 1036 scripsit
690 945 964 1015 Sainte-Beuoe
1012 969 1022 1014 :
1084 968 1099 1012 r
1128 967 1182 1014 uo
1224 947 1353 1014 beroia

119 1130 277 1197 presque
320 1113 503 1179 unanime
549 1110 594 1178 de
642 1107 766 1176 verite
811 1128 848 1176 re
877 1109 1072 1193 proclamo
1127 1109 1349 1177 heutement

118 1273 212 1342 daos
244 1277 323 1340 tous
354 1273 405 1339 tes
437 1276 518 1340 orte
547 1271 592 1338 de
625 1274 733 1338 notre
765 1268 903 1356 epoque
932 1292 950 1338 r
991 1268 1052 1360 (l.

165 1430 291 1515 Facile,
327 1430 441 1513 credo,
477 1429 646 1498 existimet
678 1428 756 1520 quis
795 1429 885 1497 hano
919 1450 1023 1519 quom
1053 1426 1275 1519 exposuimus
1303 1425 1354 1496 de

118 1595 190 1660 crte
214 1590 388 1660 scribendi
418 1589 612 1658 doctrinam
635 1589 722 1657 nihil
743 1588 837 1658 aliud
867 1612 941 1659 esse
964 1587 1031 1656 nisi
1059 1587 1253 1657 doctrinam
1280 1587 1355 1656 hoo

120 1751 196 1841 ipso
225 1754 380 1840 tempore
404 1748 625 1840 praedicatam
652 1771 693 1817 ae
717 1748 960 1818 decantantam
984 1773 1005 1816 a
1024 1749 1225 1817 romanticos
1246 1752 1356 1816 sectae

124 1909 361 2002 scriptoribus.
386 1909 579 1979 Plurimum
614 1913 731 1978 autem
763 1910 859 1977 abest
885 1932 893 1993 ;
924 1908 1009 1978 adeo
1050 1913 1089 1979 ut
1117 1907 1355 1999 ephemeridis

123 2076 170 2140 Le
195 2073 305 2144 Glohe
337 2071 592 2161 conscriptores
624 2069 846 2162 pertinaciter
873 2068 1111 2138 lacessiverint
1138 2091 1259 2137 omues
1289 2089 1353 2136 eos

124 2232 196 2322 qui,
231 2240 350 2300 nostro
379 2231 519 2322 quidem
544 2229 692 2322 judicio,
714 2230 788 2299 veri
816 2230 999 2299 romantioi
1027 2230 1134 2299 fuisse
1162 2229 1354 2315 hahentur,

125 2414 205 2461 cum
246 2392 288 2459 ab
333 2391 377 2460 iis
420 2391 613 2482 ephemeris
651 2390 855 2476 romantice,
903 2395 957 2460 Lo
996 2393 1102 2460 Mure
1142 2394 1353 2478 frenesim,

125 2557 210 2623 tunc
238 2551 434 2644 conscripta
459 2552 515 2638 sit,
542 2556 575 2621 et
607 2552 711 2643 paulo
748 2555 829 2643 post
852 2552 1080 2621 constitutum
1103 2550 1197 2642 quod
1226 2551 1356 2621 dicitur

127 2714 357 2781 romanticum
387 2716 643 2783 senaculum:
670 2712 749 2781 illos
778 2711 871 2780 enim
904 2712 998 2782 haud
1024 2712 1219 2781 minoribus
1245 2714 1355 2799 notis,

127 2875 235 2941 immo
263 2872 466 2957 maledictis,
492 2872 650 2943 insectati
670 2877 752 2943 sunt
771 2879 875 2962 quam
903 2873 1219 2963 pseudo-classicos
1243 2873 1354 2966 ipsos.

129 3034 266 3103 Etenim
307 3056 348 3102 ex
391 3035 561 3103 sententia
597 3034 634 3101 in
685 3033 920 3141 ephemeride,
953 3038 1003 3104 Le
1049 3037 1161 3105 Gtohe
1193 3035 1355 3125 probata,

130 3194 286 3263 sincerus
320 3194 567 3263 romantismus
597 3194 632 3261 in
666 3194 733 3263 hoc
767 3193 962 3262 continetur
995 3194 1088 3285 quod
1120 3194 1259 3263 libertos
1288 3196 1356 3263 arti

131 3360 164 3425 et
192 3356 379 3425 artificibus
408 3354 624 3439 vindicatur;
659 3355 854 3423 libertatem
878 3358 995 3425 autem
1023 3356 1195 3425 ducebant
1225 3356 1357 3446 aliquid

131 3516 299 3585 moderati
339 3539 379 3585 cc
424 3516 619 3607 temperati,
672 3537 777 3605 quam
824 3514 892 3583 illis
940 3514 1036 3586 cordi
1074 3519 1147 3585 erat
1190 3540 1210 3585 a
1250 3516 1360 3585 nimia

134 3674 483 3767 reprehendendaque
512 3673 653 3743 licentia
686 3675 883 3745 discernere
917 3676 978 3767 (2).
1013 3677 1134 3767 ltaque
1163 3676 1193 3745 si
1217 3698 1359 3745 necesse

135 3834 369 3903 existimarent
403 3837 511 3905 artem
539 3834 711 3903 scribendi
740 3835 874 3925 legibus
903 3836 978 3905 istis
1011 3836 1174 3906 inanibus
1196 3836 1358 3922 eximere,

135 4017 221 4083 quas
254 3995 405 4065 abstrusi
437 3994 638 4087 philosophi
673 4000 707 4064 et
743 3995 854 4065 critici
882 3998 977 4067 tardi
1009 3999 1193 4085 finxerant,
1230 3997 1360 4068 nihilo-

137 4156 252 4226 minus
283 4178 485 4249 permanere
519 4157 688 4248 putabant
715 4156 809 4247 leges
846 4158 1013 4248 quosdam
1045 4158 1244 4249 legitimas;
1281 4184 1359 4252 quae

186 4488 218 4551 (l)
233 4488 290 4537 vide
309 4488 336 4535 tc
351 4486 425 4544 Globe,
441 4486 511 4535 Petite
524 4486 596 4535 Reooe
611 4487 727 4550 litteratim,
741 4487 771 4536 27
783 4487 835 4537 dte.
853 4486 920 4537 1825.
937 4514 968 4523 -
979 4486 1037 4536 ileo
1050 4488 1161 4551 operibus
1175 4488 1298 4553 scriptoris
1312 4504 1360 4540 non

139 4577 229 4625 inserta
243 4582 307 4625 sunt.

186 4689 220 4752 (2)
235 4688 291 4737 Vide
308 4688 337 4737 te
354 4686 427 4749 Gtotc,
440 4688 456 4735 2
470 4702 512 4751 ap.
532 4687 592 4737 1825
611 4701 617 4737 :
632 4687 954 4752 V1rsr‚llet'tudtpeodooce
970 4703 998 4737 en
1011 4692 1104 4740 mettere
1113 4691 1140 4740 de
1153 4690 1216 4752 nortl.
