2942 5100
577 2163 797 2230 conclusio

114 2648 194 2717 Hoc
222 2647 332 2739 igitur
356 2647 463 2719 unico
498 2670 612 2741 opere,
648 2650 747 2741 quasi
794 2650 919 2720 tabella
961 2647 1124 2739 quadam,
1160 2645 1302 2717 annales

74 2808 163 2891 fidei,
202 2830 306 2900 quam
343 2790 606 2884 Sarute-Bauer
651 2810 923 2881 romanticorum
961 2809 1127 2879 doctrinae
1168 2807 1301 2876 addidit

72 2970 103 3036 in
115 2967 217 3039 brevi
232 2972 418 3061 coguntur,
439 2991 519 3040 cum
543 2974 706 3061 quattuor
725 2970 806 3040 libri
824 2971 944 3041 iormae
972 2969 1076 3040 simul
1116 2991 1302 3061 recognos-

73 3132 207 3199 cantur.
247 3128 403 3212 Quarum
448 3130 571 3221 gratia,
610 3132 796 3219 cernimus
839 3138 880 3202 ut
925 3133 974 3201 ita
1009 3132 1135 3217 dicam,
1187 3129 1300 3199 oculis

70 3288 236 3379 juvenem
260 3290 441 3383 praeccptis
483 3301 525 3361 ao
549 3291 693 3383 judiciis
723 3292 878 3362 classicis
915 3292 1102 3377 imbutum,
1135 3291 1297 3381 quamvis

6 3488 8 3553 [
74 3471 171 3519 mens
219 3450 294 3541 ejus
352 3452 442 3521 inter
495 3454 748 3545 conscriptores
805 3450 1033 3543 ephemeridis
1087 3454 1138 3520 Le
1186 3453 1298 3521 Globe

6 3620 7 3709 J
72 3610 212 3681 liberior
246 3610 338 3682 iacta
382 3611 438 3698 sit,
480 3612 647 3703 paulatim
684 3614 720 3681 in
766 3617 881 3705 partes
924 3611 1134 3681 romanticos
1176 3609 1302 3682 induc-

74 3774 148 3839 tum
199 3773 233 3841 ot
273 3771 510 3843 doctrinarum
555 3773 709 3864 ipsarum
750 3771 920 3842 illecebris
949 3776 998 3840 ‘et
1039 3768 1142 3839 amici
1186 3772 1296 3859 Harpe

74 3935 173 4022 grata
216 3932 419 4002 auctoritate
459 3956 467 4018 ;
523 3973 569 3985 -
618 3932 778 4004 cumdem
820 3933 997 4023 juvenem,
1043 3930 1147 4023 paulo
1203 3935 1296 4023 post,

73 4090 249 4161 doctrinas
301 4116 322 4161 a
370 4094 553 4167 Oeoaculi
612 4094 840 4185 scriptoribus
894 4092 1093 4163 decantatas
1159 4114 1296 4162 summo

73 4251 198 4322 ardore
245 4256 410 4346 prosequi
469 4278 573 4347 quam
633 4254 886 4325 studiosissime
941 4253 1141 4337 decantare,
1209 4252 1300 4323 inter

72 4412 223 4484 Gallicas
251 4414 426 4486 doctrinas
453 4415 658 4501 adsciscere,
693 4416 744 4487 eis
779 4416 879 4507 quasi
904 4417 964 4508 jus
998 4415 1190 4508 imaginum
1218 4436 1300 4485 con·

73 4573 174 4660 ferre,
204 4594 344 4665 operam
381 4596 508 4645 navare
549 4578 589 4645 ut
618 4596 736 4645 earum
769 4575 892 4645 merita
919 4576 956 4645 in
990 4574 1103 4646 lucem
1133 4572 1297 4668 proferat,
1436 4567 1439 4576 '

71 4754 114 4803 ne
133 4731 242 4802 multa
256 4756 298 4804 ex
328 4732 379 4804 eis
407 4736 478 4803 tam
519 4753 681 4823 magnam
721 4753 819 4822 spem
853 4732 1046 4803 litterarum
1084 4732 1296 4803 Gallicarum
1436 4802 1438 4836 Ι
