2942 5100
628 504 789 570 ..73-

102 689 308 775 qlotrotiou
337 689 381 755 de
404 689 525 772 poetes
557 689 649 756 dont
678 707 725 755 ou
753 697 838 772 pent
861 688 946 768 de'jo
973 687 1086 758 sotsir
1114 688 1151 754 lo
1172 687 1319 772 ptqsto·

104 851 215 916 nomio
241 849 405 916 distinete
430 855 465 915 et
486 867 606 934 poqer
621 849 965 932 l’effortqenerenoo.
986 852 1076 914 C‘est
1089 865 1140 914 oo
1153 849 1319 931 premier

105 1009 212 1078 otord
226 1009 375 1093 quelque
389 1010 493 1075 oleoso
507 1009 551 1075 de
570 1009 657 1092 plus
671 1009 789 1085 eurio,
802 1009 845 1074 de
855 1009 942 1091 ptus
969 1009 1075 1092 epora
1100 1008 1320 1091 qn‘ouporo·

107 1174 196 1248 aaut,
213 1169 255 1236 de
268 1168 353 1252 plns
369 1169 505 1253 oteqoqe
520 1169 582 1234 des
597 1169 777 1252 questions
793 1167 932 1245 d’eoole
948 1168 990 1233 de
997 1168 1081 1252 plns
1115 1167 1319 1253 prtooonpt

108 1333 145 1399 de
183 1331 235 1396 soi
275 1326 311 1391 et
341 1322 383 1390 de
423 1321 518 1391 l'etat
561 1322 603 1390 de
646 1321 678 1390 la
713 1322 841 1390 sooiete
882 1332 962 1396 tout
999 1330 1172 1395 ensemble
1202 1352 1220 1391 n
1253 1332 1314 1412 ().

146 1481 410 1552 Salute-Beuoe
444 1481 517 1571 ipse
543 1480 609 1550 hae
637 1480 713 1571 ipsa
755 1452 1023 1549 commutatione
1066 1485 1218 1551 mutatus
1254 1484 1318 1569 est,

106 1667 167 1735 qua
208 1646 339 1712 eeteros
382 1646 531 1712 mutatos
568 1663 643 1711 esse
680 1641 822 1711 indicat.
863 1643 895 1710 Α
937 1643 1131 1711 romantioa
1176 1643 1319 1713 vivendi

109 1804 242 1888 ratione,
298 1826 404 1895 quam
457 1801 640 1871 nominant
686 1803 1008 1889 individuoltsme,
1057 1801 1318 1893 ,philosophum

108 1965 357 2036 Solet-Simon
385 1965 537 2049 secutus,
576 1962 690 2032 subito
728 1962 772 2030 ad
805 1961 900 2029 illam
942 1985 978 2030 se
1018 1962 1165 2031 eontulit
1213 1985 1318 2052 quam

110 2130 224 2195 vocant
255 2128 594 2195 tumooitorisme:
627 2122 671 2214 (2)
702 2123 911 2215 quaestiones
948 2123 1040 2192 enim
1055 2123 1098 2192 ad
1123 2129 1233 2192 artem
1252 2124 1320 2192 ior·

110 2307 259 2376 mamque
291 2283 429 2354 dicendi
461 2283 672 2374 pertinentes
714 2283 911 2375 dereliquit,
945 2287 985 2354 ut
1011 2283 1134 2353 ardore
1183 2306 1320 2354 summo

110 2447 280 2516 hominum
314 2445 509 2537 civiumque
542 2445 656 2514 offioia
691 2450 867 2534 tractaret,
893 2448 939 2539 (3)
971 2448 1150 2516 ueritatem
1174 2448 1319 2517 humaui

111 2609 235 2699 generis
267 2607 471 2706 praedicaret
489 2612 523 2677 et
550 2631 677 2677 novam
704 2608 891 2699 quamdam
923 2609 1139 2700 relligionem
1168 2607 1322 2679 studiose

110 2768 303 2859 exquireret.
342 2768 469 2837 lisdem
502 2768 573 2838 iere
619 2770 846 2858 temporibus,
872 2772 926 2838 Lo
965 2773 1138 2839 Menoeis
1178 2774 1321 2840 secutus

112 2934 158 2998 est
195 2952 303 3020 usque
344 2929 387 2997 ad
430 2930 609 2999 catholicae
647 2929 725 2997 fidei
774 2929 914 3013 limina;
961 2934 995 2999 et
1027 2952 1120 3013 oum,
1167 2954 1187 2998 a
1230 2930 1318 3000 duee

109 3088 219 3157 mobili
250 3088 447 3175 destitutus,
478 3090 627 3158 stetisset
660 3089 756 3158 solus
782 3093 816 3157 et
846 3094 886 3157 ut
923 3089 971 3157 ita
1004 3088 1118 3157 diesin
1153 3089 1226 3179 spei
1253 3112 1325 3158 suae

111 3248 212 3317 ruinis
244 3250 402 3335 obrutus,
418 3249 540 3341 perdiu
569 3249 694 3319 harum
728 3272 844 3318 rerum
878 3250 914 3317 in
948 3249 1157 3340 cogitatione
1190 3249 1323 3319 defixus

111 3409 301 3499 permansit.
345 3410 439 3478 Inter
477 3431 554 3498 quae
587 3410 688 3478 anxia
721 3408 835 3478 studia
874 3410 915 3479 de
953 3408 1092 3478 vivendi
1126 3410 1257 3477 normis
1293 3415 1327 3478 et

112 3569 229 3659 regulis
257 3572 290 3637 et
325 3573 365 3636 ut
398 3568 445 3636 ita
478 3567 590 3635 dicam
619 3568 745 3653 causis,
784 3568 906 3637 litterae
943 3573 977 3638 et
1008 3572 1190 3660 poetarum
1225 3591 1325 3636 vanae

114 3728 269 3797 doetrinae
310 3729 548 3819 praetermissae
589 3733 691 3814 sunt;
735 3728 813 3798 illas
844 3752 916 3797 non
948 3730 1050 3798 ssooei
1081 3729 1192 3797 faeere
1229 3729 1325 3797 visus

113 3893 186 3972 est;
222 3888 264 3957 de
307 3894 379 3958 arte
412 3911 483 3957 non
525 3889 598 3980 jam
634 3890 771 3959 locutus
809 3894 862 3957 est
902 3890 970 3958 nisi
1012 3890 1099 3957 raris
1136 3893 1170 3957 et
1212 3888 1326 3957 dubiis

27 4124 29 4127 ,
115 4050 229 4137 verbis,
278 4054 397 4141 utpote
444 4049 543 4140 oujus
590 4050 703 4118 animo
753 4049 864 4119 multa
908 4053 942 4118 et
988 4049 1130 4140 majoris
1185 4048 1325 4139 quidem

113 4210 264 4298 ponderis
294 4234 385 4280 curae
419 4215 650 4281 versarentur.

153 4442 184 4507 (1)
200 4442 381 4493 videmurne
398 4444 585 4510 Contemporotas,
597 4444 627 4503 11.
643 4444 698 4496 181.

152 4532 187 4597 (2)
204 4531 262 4583 vids
278 4532 389 4582 Premiers
404 4532 497 4591 lundis,
514 4532 547 4597 ΙΙ,
570 4534 625 4584 mo.

152 4622 183 4685 13)
199 4622 257 4673 Vide
272 4622 410 4686 omiqoeaot
419 4624 525 4686 portrotts
542 4624 668 4684 litteratus,
682 4623 701 4685 1,
715 4626 814 4685 pretate.
824 4619 892 4677 Quod
905 4621 1048 4681 proemium
1059 4632 1178 4682 nusquam
1194 4620 1249 4671 allbl
1262 4618 1325 4681 typis

111 4709 239 4763 amotum
254 4718 300 4763 aet.
