2942 5100
634 555 793 620 „59-

93 740 175 809 illud
213 741 419 832 interposuit
454 745 486 810 et
509 745 548 810 ut
574 742 779 810 sententiam
808 740 971 825 firmaret,
1004 738 1095 807 hano
1129 737 1325 807 adnotatio-

96 924 171 970 nem
215 902 345 973 addidit
379 911 638 978 sainte-Beona
658 929 671 978 .·

142 1101 191 1158 La
208 1102 342 1174 Bruyere
357 1118 376 1157 a
388 1100 453 1157 dit:
471 1100 601 1158 «Marot
615 1118 674 1174 par
696 1117 755 1156 son
776 1107 848 1155 tour
866 1107 898 1156 et
913 1115 971 1154 sou
991 1096 1070 1170 style
1093 1097 1212 1156 semble
1234 1096 1323 1153 avoir

97 1226 171 1282 terit
199 1226 311 1299 depuis
338 1226 482 1283 Ronsard
498 1247 523 1283 ι.
540 1224 613 1297 Oui,
637 1227 664 1284 si
688 1226 751 1282 l’on
779 1241 925 1298 compare
947 1225 1052 1281 Marot
1073 1241 1150 1281 avec
1176 1222 1320 1280 Ronsard

98 1351 123 1406 le
147 1352 353 1424 pindarique3
380 1357 453 1422 non,
474 1351 501 1407 si
528 1367 567 1406 on
594 1351 624 1407 le
655 1367 803 1424 compare
818 1354 908 1424 jaree
937 1348 1083 1406 Ronsard
1109 1349 1324 1406 l’auaertonti·

98 1492 156 1550 que
172 1476 228 1550 (1).

140 1654 217 1736 Qua
230 1653 451 1722 adnotatione
479 1653 578 1723 valde
607 1653 855 1722 contradicitur
882 1653 999 1722 sensui
1038 1674 1141 1742 quem
1176 1656 1319 1721 Sainte-

97 1824 214 1885 Beuoe
241 1816 313 1906 ipse
340 1815 376 1882 in
413 1814 631 1906 ephemeride
665 1819 891 1904 expresserat,
912 1818 946 1883 et
974 1836 1076 1904 quem
1105 1813 1197 1880 inira
1229 1812 1324 1881 inve-

98 1975 168 2044 nies
196 1998 344 2066 quoque,
361 1974 674 2064 sedfemendatum
694 1974 730 2041 in
746 1975 840 2043 hune
878 1973 1019 2043 modurn
1043 1998 1049 2043 :

314 2200 353 2268 G,
367 2214 401 2271 ²7
416 2198 486 2256 Oct.
953 2199 989 2267 8,
1007 2198 1059 2254 108
1072 2197 1120 2271 (α)

132 2350 243 2420 Marot,
262 2349 387 2406 suivant
413 2349 446 2406 la
463 2365 628 2424 remarque
656 2350 684 2406 si
772 2352 859 2407 Nous
873 2351 993 2408 l’avous
1008 2350 1055 2407 dit
1069 2366 1108 2407 en
1122 2349 1205 2420 estet,
1215 2349 1327 2422 depuis

92 2475 179 2547 juste
201 2474 239 2531 de
257 2475 303 2531 La
327 2474 472 2548 Bruyere‚
502 2473 605 2532 Marot
625 2491 684 2546 par
737 2475 841 2533 Marot
853 2475 1226 2551 iusqu’anous‚letrone
1247 2491 1329 2532 com-

101 2618 156 2658 son
168 2609 236 2658 tour
249 2609 282 2658 et
297 2617 355 2658 son
369 2601 451 2674 style
477 2600 596 2658 semble
614 2616 684 2657 sou·
737 2619 812 2659 mun
824 2604 901 2661 n'est
911 2620 970 2676 pas
983 2602 1048 2661 alle
1067 2601 1271 2675 grandissant
1297 2608 1328 2657 et

99 2734 170 2784 vent
181 2726 268 2783 avoir
282 2726 358 2783 terit
368 2725 480 2798 depuis
494 2724 640 2783 nonsard
652 2732 684 2783 et
736 2729 893 2786 croissant
904 2728 995 2785 d’une
1007 2728 1092 2785 force
1106 2728 1188 2784 lente
1200 2734 1232 2783 et
1256 2742 1328 2782 con·

99 2852 178 2925 iln'y
203 2869 223 2908 a
250 2854 346 2925 guare
371 2859 457 2908 entre
482 2852 526 2907 lui
550 2858 583 2908 et
604 2867 681 2907 nous
735 2854 1023 2926 tinueRonsardy
1045 2871 1065 2910 a
1092 2854 1188 2909 voqu
1215 2851 1328 2926 gretser

101 2994 157 3050 que
192 2977 223 3033 la
258 2976 424 3033 diderence
456 2976 496 3033 de
529 2976 682 3050 quelques
736 2997 779 3037 un
793 2979 926 3037 dialecte
947 2980 1011 3054 qui,
1033 2987 1104 3052 trop
1127 2978 1270 3035 different
1288 2976 1328 3033 de

101 3109 186 3158 mats.
196 3103 292 3159 Aussi
302 3101 684 3175 sommas-nousbienplus
736 3113 860 3175 nature,
876 3106 952 3163 s’est
965 3104 1176 3163 hientdttldtri
1198 3112 1230 3160 et
1241 3103 1328 3160 deta-

103 3230 285 3301 competents
297 3244 378 3300 pour
387 3229 478 3302 juger
493 3227 532 3284 de
545 3226 608 3283 l'un
620 3243 682 3300 que
737 3232 805 3288 che.

103 3354 139 3411 de
157 3354 274 3411 l’autre·
302 3353 347 3410 La
372 3354 496 3426 langue,
523 3352 596 3410 telle
622 3369 683 3425 que

103 3495 175 3535 nous
184 3479 303 3535 l’avons
318 3476 526 3551 aujourd’hui,
539 3494 573 3533 se
588 3477 684 3533 conti·

104 3619 160 3659 nue
177 3619 250 3659 sans
272 3602 479 3676 interruption
507 3618 584 3659 avec
607 3604 684 3660 celle

104 3744 160 3801 que
169 3727 281 3801 parlait
292 3735 325 3784 et
339 3726 468 3784 derivait
478 3726 591 3784 Marot.
604 3728 685 3785 G'est

107 3851 134 3908 le
146 3854 239 3909 meme
258 3858 347 3909 trono
361 3854 416 3925 qui
428 3870 448 3908 a
465 3844 513 3909 έιέ
532 3854 686 3910 croisaant

106 3984 135 4033 et
154 3976 362 4050 grandissant.
390 3977 434 4034 Le
462 3975 596 4034 dialecte
623 3994 684 4052 que

106 4102 238 4159 Rousard
266 4119 286 4159 a
313 4104 409 4159 voulu
434 4102 545 4177 gratier
575 4120 629 4159 sur
652 4104 684 4160 la

107 4230 210 4286 souche
240 4245 402 4285 commune
435 4228 510 4285 s'est
538 4229 621 4285 uerri
655 4236 686 4285 et

108 4352 235 4412 detachd.

142 4674 172 4737 (o
188 4674 244 4726 vu·
258 4675 290 4737 s,
307 4674 358 4731 es,
372 4672 404 4737 e,
420 4672 462 4724 74
477 4680 501 4723 u
512 4675 547 4739 n,
562 4674 581 4738 1,
596 4674 667 4735 1³2,

143 4791 174 4855 (r)
189 4791 216 4842 or
233 4791 267 4855 c.
281 4788 324 4845 ea
338 4798 361 4843 a
377 4791 412 4853 a,
428 4792 449 4853 i,
463 4789 534 4841 sss.
