2942 5100
651 493 696 546 ..·
711 497 750 562 11
770 530 813 546 ..

117 689 284 756 Troobet
321 683 413 776 apud
447 683 672 770 bibliopolam
707 687 894 755 Lemerre·
932 685 995 774 (l),
1029 630 1076 774 γ(2
1113 686 1185 753 ool.
1216 685 1330 769 iae-16,

116 850 263 918 tior-437
288 852 323 916 et
357 849 425 916 418
452 845 553 936 pb).
583 845 661 928 Qua
689 867 784 914 nunc
819 843 967 936 legimus
1001 847 1133 913 textum
1166 846 1328 934 quartum

116 1011 152 1077 et
176 1008 250 1097 jam
280 1005 533 1076 immutabilem
567 1005 705 1096 operis:
746 1005 786 1074 L.

163 1169 249 1252 Quae
286 1189 365 1237 oum
406 1167 453 1234 ita
495 1167 576 1252 sint,
602 1169 696 1257 patet
741 1169 917 1235 auctorem
938 1167 1208 1236 sainte-Becco
1250 1186 1338 1255 opus

117 1329 370 1420 (imperfectum
403 1327 556 1418 quidem,
586 1325 718 1396 ultimis
746 1326 903 1417 partibus
932 1324 1088 1394 nondum
1113 1324 1332 1415 conscriptis)

118 1489 273 1558 emisisse
300 1457 465 1580 primum,
502 1487 557 1556 bis
595 1487 811 1578 temporibus
848 1487 933 1577 ipsis
966 1485 1092 1578 quibus
1125 1472 1338 1554 romantico-

118 1671 197 1720 rum
228 1648 395 1718 doctrinis
436 1671 476 1717 ao
513 1647 704 1740 disciplinae
741 1649 789 1717 ita
825 1669 900 1716 sose
943 1647 1047 1716 dabat
1083 1650 1123 1715 ut
1151 1646 1266 1715 studio
1299 1645 1336 1714 iu

97 1765 193 1880 ¹dies
236 1809 367 1878 acriore
409 1809 650 1878 incenderetur
679 1828 687 1888 ;
743 1849 788 1860 -
832 1808 992 1898 idemque
1038 1830 1126 1899 opus
1176 1809 1225 1897 (et
1263 1807 1338 1896 jam

119 1968 259 2059 quidem
294 1969 499 2061 perfectum)
514 1970 640 2039 iterum
669 1970 836 2057 emisisse,
872 1992 952 2039 cum
972 1968 1210 2039 doctrinarum
1230 1968 1336 2037 disci-

116 2129 289 2222 plinaeque
318 2130 591 2199 romanticorum
623 2152 741 2200 amore
772 2130 935 2222 flagraret
973 2128 1156 2209 maximo;
1188 2168 1231 2180 -
1269 2133 1338 2196 ter-

117 2292 207 2360 tium
245 2292 339 2361 idem
378 2313 466 2382 opus
508 2291 564 2360 his
611 2293 711 2361 annis
755 2291 911 2362 emisisse
951 2292 1091 2381 quibua,
1131 2295 1231 2360 aetate
1267 2291 1340 2381 jam

117 2455 266 2541 firmata,
318 2457 352 2522 et
394 2453 581 2522 maturiore
629 2453 783 2545 ingenio,
825 2457 859 2522 ot
903 2452 1118 2544 juvenilibus
1163 2452 1341 2521 erroribus

121 2636 332 2705 quamquam
351 2614 410 2683 diu
435 2614 596 2684 dulcibus
628 2614 770 2684 demum
797 2614 975 2705 depositis,
987 2617 1159 2706 praecepta
1179 2614 1338 2704 quaedam

122 2774 236 2846 media
271 2776 338 2845 sibi
375 2776 504 2867 fingere
545 2776 747 2859 conabatur,
783 2776 910 2866 quibus
934 2774 1206 2866 conjungeretur
1239 2772 1340 2862 quid-

121 2939 205 3028 quid
236 2937 408 3008 laudabile
447 2938 641 3028 praeberent
679 2942 713 3006 et
741 2918 965 3007 classicorum
1002 2940 1036 3006 et
1068 2935 1340 3005 romanticorum

122 3098 288 3168 doctrinae
304 3098 585 3189 disciplinaeque;
605 3138 649 3149 -
659 3102 821 3189 quartum
836 3098 986 3188 denique
1009 3099 1042 3165 et
1055 3096 1233 3183 ultimum,
1250 3096 1342 3165 idem

122 3279 210 3349 opus
242 3281 313 3327 non
346 3257 501 3327 emisisse
532 3256 673 3347 quidem
706 3256 767 3368 sed
800 3253 1004 3326 retractasse
1032 3261 1123 3326 certe
1163 3261 1203 3325 ut
1253 3254 1348 3324 emit·

121 3423 264 3506 teretur,
298 3442 379 3488 cum
417 3418 459 3488 de
494 3418 618 3487 litteris
644 3418 816 3487 rationem
846 3416 1098 3487 immutabilem
1127 3420 1340 3509 sequeretur.

124 3578 224 3649 Unde
260 3578 299 3647 tit
331 3582 370 3648 ut
397 3579 476 3647 libri
515 3582 679 3650 Tableau
730 3581 777 3649 aa
814 3584 853 3649 la
887 3579 1012 3665 podria
1049 3583 1242 3666 frontuose
1294 3599 1346 3649 uu

123 3744 220 3811 XVI⁰
255 3744 365 3813 siecle
400 3741 570 3832 inscripti,
606 3741 711 3811 variis
752 3740 960 3810 lectionibus
999 3741 1199 3831 recognitis
1243 3740 1343 3831 quasi

138 4416 142 4419 .
188 4373 221 4435 (l)
238 4370 333 4430 Videt,
346 4371 367 4431 l,
384 4372 411 4423 ti
426 4386 461 4423 t«
473 4372 494 4423 ll
506 4386 535 4422 aa
551 4387 607 4423 nous
627 4378 685 4424 reste
696 4373 749 4439 plac
769 4387 812 4436 que
823 4372 928 4436 quelques
942 4374 1027 4421 motet
1048 4372 1105 4430 dire,
1124 4386 1182 4436 pour
1197 4386 1309 4423 anacam
1325 4372 1347 4422 a

125 4462 226 4510 conaelle
240 4462 323 4511 editior
335 4462 362 4510 de
379 4467 412 4511 oet
424 4476 527 4525 ouamqa.
548 4462 608 4512 Noas
621 4477 637 4526 q
650 4477 718 4512 uocas
732 4464 776 4524 soit
789 4469 865 4511 eatrer
880 4467 950 4512 rocus
965 4463 996 4511 les
1008 4464 1151 4511 concutiens
1166 4465 1314 4513 mooosmites
1328 4468 1350 4511 et

124 4550 219 4601 taedius
232 4565 274 4614 qua
289 4550 462 4601 Sarurslirrvr
484 4554 545 4601 omit
558 4552 645 4601 bastae
658 4550 697 4601 aar
719 4553 779 4601 decr
791 4553 938 4617 emmonim
961 4552 988 4601 de
1001 4550 1101 4600 l'tditioo
1113 4551 1140 4600 de
1168 4550 1242 4609 1843,
1260 4552 1283 4601 te
1298 4552 1350 4601 der-

125 4640 214 4689 niercb
236 4640 332 4703 imbelle
344 4642 363 4690 il
385 4643 446 4690 erait
461 4641 533 4690 donat
548 4654 583 4689 ser
607 4642 676 4691 roias.
700 4640 739 4690 Ges
757 4642 817 4690 deoc
832 4643 977 4705 eumplobes
991 4642 1080 4690 autem
1100 4641 1134 4689 itt
1148 4645 1250 4704 premis
1265 4655 1294 4689 en
1308 4654 1351 4689 ort

122 4729 190 4777 d'oae
202 4730 280 4791 sutore
295 4730 391 4780 edition:
407 4730 460 4779 o'est
474 4730 529 4779 oolla
542 4742 584 4793 que
593 4744 650 4779 acus
663 4730 765 4779 donnons
776 4730 930 4789 abjurabat,
944 4736 966 4779 at
979 4730 1022 4779 alte
1037 4743 1088 4777 reru
1105 4730 1225 4791 definitive.
1243 4746 1258 4776 o
