2942 5100
627 483 786 548 ..25-

82 669 245 757 quidem,
280 669 374 740 haud
393 670 508 738 minus
524 675 652 739 sanctae
681 682 785 760 quam
821 686 931 762 ἄγραφοι
958 685 1029 761 νόμοι
1057 667 1108 737 illi
1140 691 1161 736 a
1196 668 1317 738 Graeco

81 831 166 894 vate
191 826 365 914 celebrati,
401 827 603 897 auctoritate
632 851 696 897 sua
722 851 763 896 ac
795 829 936 921 propria
958 828 1147 919 vigerent:
1178 848 1318 895 normas

83 988 227 1058 scilicet
273 988 451 1080 loquendi,
500 988 637 1081 regulas
691 1011 836 1080 operum
869 989 1140 1080 judicandorum
1177 1010 1312 1057 necnon

84 1146 238 1219 rationis
271 1150 434 1220 humanae
463 1153 648 1241 praecepta.

131 1309 356 1402 Quapropter
390 1309 532 1380 subtiles
561 1310 698 1401 judices
726 1310 842 1380 verbis
874 1309 1022 1379 insolitis
1048 1310 1311 1379 offendebantur

85 1469 220 1560 quibus
255 1469 441 1560 aliquando
485 1471 670 1539 utebantur
700 1470 784 1539 novi
816 1472 1002 1562 scriptores
1028 1474 1088 1539 aut
1117 1469 1317 1539 durioribus

82 1618 424 1721 transgressionibus
459 1634 518 1700 aut
563 1631 667 1699 etiam
703 1630 933 1700 insolentibus
973 1630 1158 1700 structuris
1188 1649 1197 1710 3
1251 1652 1315 1699 nec

87 1790 212 1860 minus
261 1790 523 1861 offendebantur
573 1791 817 1861 audacioribus
868 1792 990 1882 figuris
1034 1792 1316 1882 ornamentisque

88 1951 224 2043 putidis
258 1952 384 2042 quibus
423 1953 473 2045 (ut
501 1952 770 2044 arbitrabantur)
806 1971 947 2046 νεωτέρωνΙ
968 1953 1096 2045 scripta
1134 1952 1318 2022 dedecora-

89 2111 240 2191 bantur;
271 2110 337 2181 hoc
364 2110 510 2203 denique
541 2111 734 2202 praesertim
767 2112 1029 2181 offendebantur
1062 2111 1155 2202 quod
1185 2111 1317 2202 opinio-

90 2253 201 2322 nibus
265 2251 369 2322 iidem
447 2253 685 2322 imbuerentur
744 2254 915 2352 mystica·
953 2252 1102 2344 quadam
1169 2255 1320 2324 amentia

93 2412 281 2504 corruptis,
317 2435 381 2482 nec
409 2412 580 2482 abstinere
612 2417 772 2504 poterant
799 2414 883 2503 quin
906 2414 943 2482 in
981 2413 1173 2483 cachinnos
1207 2415 1320 2483 effun-

94 2573 261 2643 derentur
329 2574 614 2665 quotiescumque
686 2576 902 2667 perlegerent
960 2576 1027 2643 ista
1095 2575 1319 2645 delirantium

94 2735 244 2806 somnia.
275 2734 374 2805 Unde
407 2736 537 2805 factum
575 2741 627 2806 est
666 2742 804 2805 utnon
832 2737 948 2805 minus
980 2740 1182 2828 respuerent
1212 2759 1321 2805 novos

95 2894 206 2963 nimia
228 2894 393 2964 audentes
417 2917 520 2986 quam
547 2896 673 2965 veteris
697 2896 779 2965 artis
796 2898 948 2966 fautores
972 2897 1120 2965 nimium
1143 2896 1316 2967 timentes,

94 3054 223 3145 Atque,
251 3054 376 3123 auditis
418 3056 538 3145 primis
566 3055 782 3126 orationibus
812 3081 833 3126 a
866 3058 1004 3127 rhetore
1043 3061 1244 3128 Villemato
1282 3059 1319 3127 in

94 3214 257 3283 facultate
286 3214 472 3284 Parisiensi
498 3215 654 3307 prolatis,
689 3217 785 3287 nulla
808 3218 875 3285 alia
909 3242 1013 3288 causa
1051 3219 1088 3286 in
1133 3220 1319 3289 maximam

95 3398 193 3466 spem
224 3375 364 3446 adducti
393 3382 475 3446 sunt
502 3399 606 3468 quam
638 3378 731 3468 quod
767 3383 945 3469 sperarent
980 3379 1078 3447 illum
1108 3380 1175 3448 sibi
1211 3379 1321 3447 maxi·

98 3559 194 3606 mum
224 3535 418 3629 adjutorem
454 3537 539 3623 fore,
575 3537 618 3606 ad
657 3543 842 3629 utrumque
880 3539 1074 3630 periculum
1109 3541 1322 3633 propulsan-

99 3698 183 3767 dum
201 3698 259 3789 (1).

144 3859 232 3928 Cum
263 3858 339 3928 haec
371 3863 576 3950 argumenta
604 3860 771 3930 alitteris
806 3866 1076 3947 assumerentur,
1112 3862 1141 3931 si
1182 3863 1325 3954 insuper

145 4170 178 4235 (l)
192 4170 250 4220 Vide
264 4170 294 4219 Le
310 4170 385 4230 Globe,
400 4170 429 4220 27
444 4184 498 4222 nor.
513 4168 582 4223 1⁸26.
606 4170 673 4221 coare
685 4172 711 4221 de
725 4172 759 4224 ll.
780 4172 899 4222 Vellemain
911 4189 919 4221 .·
930 4187 943 4222 u
956 4172 1001 4223 Nol
1017 4187 1046 4222 oe
1061 4179 1114 4237 peel
1129 4176 1207 4223 muna
1222 4189 1264 4238 que
1282 4176 1325 4235 lui,

98 4274 140 4325 por
152 4273 187 4308 ees
197 4260 268 4323 leeom
283 4274 367 4310 comme
378 4275 420 4324 por
435 4274 469 4309 see
484 4262 603 4325 exemplet,
616 4262 721 4321 delenire
733 4267 796 4311 eolre
807 4263 934 4312 litteratore
950 4264 977 4312 de
988 4263 1048 4312 deuo
1060 4265 1136 4326 {lunc
1154 4266 1194 4327 qai
1210 4264 1326 4328 l'offliqeat

97 4349 204 4397 enmeme
218 4354 287 4413 tempe
302 4364 310 4398 .·
324 4350 351 4399 de
368 4349 453 4413 l’esprtt
469 4350 496 4397 de
511 4352 607 4413 raetiae,
623 4352 692 4414 esprtl
707 4353 868 4413 superstitious
883 4356 905 4399 et
920 4352 997 4401 limile
1025 4354 1066 4415 qai
1083 4351 1185 4402 ocadroit
1199 4366 1255 4401 noar
1273 4368 1327 4405 oca·

99 4439 191 4488 damner
206 4440 220 4487 ὰ
237 4438 393 4498 Γίηιηιοὸἱὶἰιέ,
406 4443 428 4487 ct
443 4438 538 4488 decem
564 4438 682 4489 indiscrete
704 4441 780 4488 moab
795 4434 919 4503 rennui,
948 4440 989 4503 qai
1002 4441 1046 4501 scil
1068 4440 1172 4502 recorder
1187 4443 1201 4489 d
1221 4442 1328 4505 quelques

101 4530 208 4578 ecriooios
225 4528 245 4577 le
257 4526 299 4577 toa
310 4542 361 4576 sens
374 4540 457 4577 eamme
469 4542 513 4576 eae
528 4528 591 4577 mode
602 4532 720 4585 serenate,
736 4528 759 4575 lo
769 4529 886 4591 propetete,
899 4529 920 4577 la
936 4529 1085 4578 correctiora
1094 4526 1117 4577 lc
1130 4534 1208 4593 parete
1223 4530 1254 4579 dc
1267 4531 1327 4593 style

102 4631 184 4666 comme
197 4616 234 4665 des
248 4621 374 4665 oraemeats
390 4618 542 4680 ειφενίίιιε..Ἰ
559 4617 598 4680 qai
611 4617 660 4665 leur
681 4617 725 4677 soit
738 4616 835 4679 prendre
850 4618 908 4678 enfin
919 4629 976 4680 poor
989 4632 1021 4665 aa
1034 4617 1245 4681 perfectioaaemeat
1257 4619 1327 4681 'duae

101 4704 287 4770 caenapum
305 4705 328 4755 a
341 4705 458 4755 amena
472 4706 509 4755 ns
525 4705 582 4754 aee
598 4710 620 4755 a
636 4706 658 4755 n
673 4704 814 4755 arama
823 4704 917 4768 tanne
928 4721 951 4756 a.
1124 4689 1126 4692 ’
