2942 5100
830 482 838 513 r
871 411 1140 545 [ΙΝΝΞΒΒΙΤΥ

926 560 1107 660 atroam*

64 689 139 758 dere,
152 704 195 746 on
207 689 265 748 n‘a
284 707 343 764 pas
369 708 479 750 encore
497 700 569 767 trop
584 697 604 750 a
625 710 659 751 se
674 694 800 764 dedire;
816 711 858 751 on
876 694 927 751 n'a
941 655 1043 767 pas-g
1063 695 1171 768 rongir
1194 695 1286 752 d’une

66 816 164 890 poesie
182 815 311 891 lyriqne
323 817 388 892 qni,
403 818 484 875 dans
498 820 527 876 le
540 821 595 893 jeu
604 819 768 878 alternatis
779 820 820 878 de
835 837 887 877 ses
903 821 1039 890 unisona,
1055 838 1096 877 va
1110 821 1287 879 s’encadrer

65 945 97 1001 de
107 944 154 999 1’«
172 943 265 1000 Avril
280 963 293 995 r
309 943 349 1000 de
361 943 498 1015 Benaco,
508 961 572 1002 aux
585 962 604 1000 d
618 943 751 1001 Fauillae
766 944 944 1003 d’antomno
959 965 972 997 ι
988 945 1029 1003 de
1040 945 1131 1020 Hugo
1144 948 1195 1018 (1).

105 1153 179 1218 ‹Je
196 1151 286 1220 a'ee
310 1155 513 1223 retrcoche
532 1158 620 1223 rica
648 1174 695 1222 oo
725 1155 749 1223 d
766 1173 843 1239 peu
858 1152 949 1239 pres
967 1157 1088 1222 rien»
1113 1177 1123 1221 :
1142 1152 1286 1242 Aliquid

69 1311 164 1401 igitur
178 1309 348 1379 detraxit?
368 1310 543 1382 dictorum
562 1312 721 1404 quaedam
749 1311 922 1382 retexuit?
948 1312 1009 1380 Hae
1033 1315 1148 1381 autem
1170 1334 1285 1382 emen-

71 1470 228 1556 dationea
261 1494 353 1540 anno
373 1472 557 1542 millesimo
587 1473 873 1564 octingentesimo
893 1471 1157 1563 quadragesimo
1186 1471 1286 1541 tertio

72 1631 157 1722 operi
196 1631 348 1718 insertae,
383 1634 412 1701 si
452 1633 585 1704 ultimae
616 1655 755 1724 quoquc
791 1632 934 1702 editioni
969 1636 1003 1701 et
1038 1632 1178 1723 quidem
1206 1654 1287 1701 auc·

72 1795 166 1862 tiores
202 1793 344 1863 insertae
380 1798 473 1880 sunt,
512 1794 612 1863 nobis
645 1793 774 1863 auxilio
812 1793 885 1862 fore
917 1793 1079 1863 videntur
1111 1798 1151 1864 ut
1187 1793 1288 1885 plane

75 1974 316 2046 cognoscamus
348 1976 453 2046 quam
501 1953 695 2023 doctrinam
744 1953 780 2020 in
813 1952 967 2024 animum
1005 1957 1193 2043 postremo,
1245 1975 1288 2020 ne

73 2115 267 2200 variaretur,
288 2117 468 2208 receperit.

113 2276 258 2363 Etenim,
302 2276 338 2344 in
385 2279 532 2368 utraque
569 2276 731 2359 editione,
767 2276 949 2345 emendata
999 2274 1067 2344 alia
1113 2273 1156 2343 ad
1194 2272 1288 2342 aliud

78 2435 211 2505 tendunt
228 2460 234 2505 :
252 2441 335 2506 sunt
367 2437 508 2528 quibus,
537 2436 621 2508 dum
649 2437 822 2506 obstinato
849 2435 964 2504 animo
1000 2439 1172 2526 praecepta
1208 2456 1290 2502 con-

77 2596 181 2665 firmat
213 2620 302 2688 quae,
348 2621 428 2668 cum
462 2597 583 2667 ceteris
612 2598 668 2666 vel
703 2596 770 2665 sibi
807 2596 982 2686 quondam
1023 2596 1168 2686 probata
1204 2595 1287 2680 sint,

79 2758 170 2826 etiam
197 2781 290 2829 nunc
308 2758 413 2829 'bona
436 2781 512 2829 esse
541 2763 690 2841 censeat,
718 2757 990 2829 sainte-Beuoc
1017 2754 1225 2846 quibusdam
1247 2755 1289 2825 do

80 2918 171 2987 rebus
202 2941 236 2987 se
265 2919 458 2988 romantice
491 2918 594 2989 etiam
626 2917 754 2987 sentire
787 2916 937 3009 aperiat3
977 2957 1022 2967 -
1055 2919 1137 2985 sunt
1174 2919 1288 2985 autem

82 3078 207 3165 quibua,
236 3101 318 3149 cum
352 3081 534 3150 confessus
566 3079 610 3149 sit
644 3102 726 3149 suos
764 3082 798 3147 et
826 3100 862 3148 ae
895 3077 1011 3168 ipsum
1037 3076 1144 3145 nimia
1177 3079 1290 3145 tento·

81 3238 192 3307 tavisse
220 3239 318 3307 etin
349 3239 558 3330 quibusdam
594 3238 777 3308 conatibus
813 3259 936 3328 parum
974 3235 1173 3327 profecisse,
1213 3257 1290 3326 spes

85 3402 112 3465 et
130 3399 294 3469 rationem
321 3400 594 3469 romanticorum
628 3422 664 3467 se
688 3398 844 3469 deserere
872 3396 1042 3467 ostendat.

120 3560 334 3630 Romanticas
362 3561 519 3652 profecto
545 3566 659 3651 partes
687 3560 856 3649 sequitur,
889 3581 981 3645 oum,
1006 3557 1106 3626 vanis
1128 3561 1163 3626 et
1192 3558 1291 3627 strio·
1345 3564 1351 3570 ”

42 3756 45 3764 .
86 3720 217 3791 tionibus
268 3721 448 3807 censorie,
505 3722 632 3811 quibus
690 3722 847 3790 Chcrlec
891 3723 1076 3790 Fonteiae
1133 3718 1293 3788 libellum

50 3916 52 3923 ·
87 3881 224 3969 Ddfooce
255 3890 291 3954 et
317 3885 562 3953 Illustration
585 3879 844 3965 detrectaverat,
866 3878 1042 3971 expositis,
1074 3878 1165 3947 hanc
1198 3877 1295 3949 addit

89 4042 325 4115 adnotationem
343 4066 351 4111 :

132 4312 163 4370 Je
173 4314 254 4372 crois
268 4316 325 4373 lire
338 4316 445 4389 Anger
457 4326 498 4370 ou
508 4310 553 4367 M.
573 4310 631 4384 iay
645 4311 687 4381 (n)

129 4617 155 4679 (¹)
166 4618 221 4669 Vide
234 4620 266 4678 G,
279 4618 300 4671 2
316 4625 340 4668 at
353 4618 388 4680 11,
406 4617 425 4677 1,
440 4614 471 4667 3.

126 4731 154 4797 (i)
167 4733 223 4787 tide
239 4735 274 4794 Ιι,
289 4734 310 4800 1,
325 4732 375 4785 93.
390 4730 471 4783 adnot.
