2942 5100
648 561 807 624 ..19-

117 769 190 815 suae
223 745 391 838 periclum
430 746 568 834 laceret,
617 746 647 815 ai
688 747 867 837 proposita
907 753 990 817 suut
1035 748 1258 818 describenda
1299 775 1341 819 ac

116 907 293 977 historicis
333 907 588 976 narrationibus
636 907 806 994 ornanda,
847 907 923 976 loca
974 913 1066 978 terra
1104 911 1260 1002 marique
1298 912 1340 980 ad

117 1068 287 1138 orientem
314 1068 391 1155 sita,
421 1068 457 1137 in
490 1069 616 1159 quibus
644 1067 756 1138 Graeci
785 1067 949 1139 adversus
980 1069 1109 1139 'lurcos
1139 1071 1343 1143 rebellantes

116 1234 204 1299 tunc
237 1229 430 1298 libertatem
459 1252 556 1299 suam
590 1229 736 1320 egregiis
774 1229 873 1298 factis
910 1231 1145 1302 vindicabant.
1189 1234 1345 1303 Breviter

115 1413 202 1460 vero
228 1391 258 1460 ei
289 1413 493 1460 concessum
516 1394 568 1460 est
595 1394 634 1459 ut
658 1390 792 1481 judicia
821 1415 884 1461 sua
907 1393 1112 1483 exprimeret
1139 1393 1181 1463 de
1209 1395 1346 1485 scriptis

120 1552 346 1644 quibusdam,
368 1551 662 1642 scriptoribusque
677 1552 782 1643 hujus
797 1553 961 1643 temporis
989 1555 1193 1626 minoribus.
1212 1555 1347 1638 Quibus

116 1714 261 1806 judiciis
292 1713 538 1805 pronuntiatis,
560 1717 594 1782 et
633 1712 760 1782 clarius
792 1714 864 1804 ipsa
896 1714 1064 1783 intellexit
1091 1722 1125 1784 et
1151 1717 1348 1808 expressius

119 1875 158 1944 in
194 1874 346 1945 medium
384 1874 462 1944 tulit
490 1895 575 1964 quas
605 1873 646 1943 da
674 1877 748 1943 arte
781 1873 954 1944 scribendi
979 1875 1155 1945 doctrinas
1182 1877 1350 1968 reciperet

124 2038 336 2125 foveretque.

170 2196 346 2268 Doctrinae
393 2200 508 2266 autern
555 2217 603 2264 eae
642 2201 723 2264 sunt
759 2197 894 2283 mediae,
925 2198 1052 2288 quibus
1089 2204 1204 2269 lavere
1252 2200 1350 2293 quasi

127 2380 268 2428 necesse
305 2361 380 2426 erat
403 2357 567 2447 juvenem
596 2355 656 2447 qui
681 2357 879 2448 nuperrime
912 2358 1136 2428 classicorum
1165 2359 1351 2431 illustrium

123 2519 233 2613 polita
260 2541 365 2612 opera
387 2517 596 2589 versavisset
618 2540 724 2588 manu
750 2517 890 2588 assidua
907 2543 1111 2613 summaque
1126 2521 1353 2592 admiratione

124 2679 341 2772 perlegisset,
373 2702 451 2749 cum
480 2685 596 2748 tamen
631 2680 722 2782 inter
755 2679 890 2749 sodales
919 2681 1028 2749 vitam
1066 2687 1183 2774 ageret
1222 2682 1352 2772 aliquid

124 2842 208 2911 novi
246 2865 287 2911 ac
316 2840 517 2910 recentioris
544 2839 643 2909 valde
670 2840 860 2930 cupientes.
945 2943 947 2948 Ι

170 3006 261 3074 Nam
290 2980 423 3096 judicio
454 3003 542 3093 ejus,
573 3002 758 3092 septimum
796 3002 970 3072 decimum
1005 3006 1174 3093 seculum,
1212 3031 1226 3074 r
1266 3006 1351 3076 illud

124 3171 196 3235 tarn
229 3164 450 3257 splendidum
482 3186 595 3232 arvum
624 3186 655 3249 a,
701 3164 801 3254 quasi
840 3189 854 3232 r
901 3187 1005 3234 aurea
1037 3165 1159 3235 litteris
1200 3166 1352 3236 colendis

127 3333 210 3399 aetas
235 3350 250 3397 r
280 3328 325 3419 (l)
359 3327 515 3396 habetur.
560 3324 728 3392 Praeterea
774 3346 894 3393 omnes
937 3327 997 3416 qui
1032 3327 1246 3418 temporibus
1283 3327 1352 3396 illis

126 3489 255 3579 scripta
288 3487 557 3577 composuerunt
590 3488 624 3552 et
652 3481 791 3553 laudem
819 3485 933 3573 meriti
961 3490 1053 3574 sunt,
1074 3486 1189 3555 verbis
1212 3487 1353 3577 amplis-

127 3650 223 3719 simis
256 3644 390 3734 attollit,
418 3685 464 3697 -
493 3666 564 3713 non
587 3643 691 3713 modo
715 3668 803 3735 quos
827 3655 941 3729 νεώτεροι
962 3647 1009 3738 (2)
1047 3648 1098 3740 (ut
1123 3669 1184 3738 per
1218 3647 1352 3717 irrisio-

127 3830 208 3878 nem
234 3808 281 3876 ait
300 3804 448 3893 Tullius)
471 3802 573 3872 venia
592 3802 741 3892 quadam
755 3803 823 3894 ipsi
846 3808 1024 3895 tamquam
1041 3805 1351 3896 prosequebantur,

127 3972 168 4039 ut
195 3970 354 4037 Meliore
387 3968 421 4034 et
443 3969 498 4034 Lo
527 3966 725 4047 Fonteiae,
760 3964 820 4033 sed
844 3964 923 4033 illos
949 3966 1052 4033 etiarn
1085 3986 1233 4053 quorum
1258 3965 1353 4055 inge-

130 4130 191 4198 nia
218 4128 406 4219 laudesque
429 4124 728 4194 vehementissime
755 4124 1001 4193 detrectabant.
1021 4123 1163 4218 Recine
1182 4129 1353 4211 nostrum,

129 4292 275 4386 perfecti
298 4294 409 4382 poetae
436 4286 612 4377 exemplar
630 4286 836 4356 imitandum
869 4289 1142 4357 Soanta-Becare
1164 4286 1355 4376 aequalibus
1436 4314 1439 4318 ¹

178 4606 214 4669 (l)
227 4604 284 4653 vide
296 4603 406 4653 nemea
420 4600 513 4659 londo,
530 4600 551 4663 1,
569 4598 631 4651 155
649 4612 655 4647 :
673 4612 687 4647 a
705 4600 735 4648 les
749 4601 886 4650 &turbares
904 4600 959 4649 d'cn
976 4602 997 4650 at
1018 4598 1151 4650 bassitulo
1171 4614 1205 4659 »3
1223 4598 1270 4651 156
1285 4616 1292 4651 ι
1305 4616 1319 4650 a
1334 4616 1358 4651 ce

134 4696 230 4746 cborme
241 4696 255 4743 ἀ
265 4695 351 4756 jamnia
365 4692 460 4742 toooooi
471 4691 501 4741 du
514 4689 586 4752 prend
601 4688 641 4751 ope
652 4689 768 4739 litterate.

176 4811 214 4875 (2)
231 4810 265 4861 Ad
280 4810 359 4869 artu„
374 4809 425 4869 llll,
440 4808 470 4872 2,
486 4808 508 4857 1.
