2942 5100
625 511 786 576 ..65-

138 697 207 768 Sed
241 697 328 765 mihi
361 695 450 764 nihil
474 695 651 786 antiquius
680 701 732 765 est
760 718 865 786 quam
893 700 931 765 ut
964 695 1006 763 ad
1041 695 1319 766 dissertationem

98 858 135 927 de
166 860 364 928 Melberbe
401 859 477 948 ipso
507 858 671 948 scriptam
699 857 910 947 perveniam.
946 858 986 925 ln
1015 879 1083 946 qua
1112 857 1229 925 omnia
1257 860 1318 927 aut

97 1021 224 1087 mutata
262 1023 321 1088 aut
348 1017 529 1087 emendata
565 1021 658 1102 sunt,
707 1040 788 1086 cum
830 1022 864 1086 et
896 1017 1010 1108 prima
1051 1017 1207 1085 omnium
1249 1017 1319 1086 dis·

98 1178 321 1247 sartationum
348 1177 541 1268 composita
568 1177 624 1264 sit,
660 1176 715 1246 his
760 1176 974 1267 temporibus
1011 1176 1137 1266 quibus
1169 1178 1319 1247 Sainte-

97 1350 214 1411 Beuoe
258 1337 445 1408 sententias
504 1360 574 1406 non
625 1337 729 1406 modo
784 1359 855 1406 non
917 1341 1112 1406 mutaverat
1164 1337 1224 1406 sed
1275 1361 1318 1407 ne

101 1503 230 1568 mutare
261 1498 402 1589 quidem
444 1502 607 1589 coeperat,
640 1503 673 1567 et
714 1497 751 1566 in
788 1520 828 1566 ea
865 1497 908 1597 de
948 1497 1197 1588 questionibus
1232 1499 1318 1590 ipsis

100 1663 210 1728 actum
258 1659 313 1742 sit,
359 1659 402 1728 ad
447 1664 554 1728 artem
599 1659 771 1750 poeticam
810 1661 844 1727 et
875 1643 1100 1728 numerorum
1140 1658 1251 1750 legem
1288 1665 1323 1729 et

97 1841 257 1888 versuum
289 1817 417 1888 formas
442 1819 708 1910 pertinentibus,
749 1817 791 1886 de
828 1818 954 1908 quibus
990 1819 1138 1888 maxime
1171 1821 1320 1888 mutavit

99 1979 294 2049 sententias.

137 2135 275 2204 Etenim
317 2137 378 2207 ubi
413 2139 567 2230 primum
608 2138 651 2207 ad
695 2138 791 2208 hune
840 2139 997 2229 pervenit
1039 2146 1315 2227 Scitote-Becare,

95 2299 182 2367 haud
222 2297 422 2367 dubitanter
456 2299 639 2368 confitetur
674 2299 767 2389 apud
803 2321 840 2367 se
880 2322 1053 2368 novorum
1093 2300 1315 2391 scriptorum,

94 2463 123 2528 et
147 2457 231 2528 inde
266 2462 446 2551 poetarum
488 2480 507 2527 e
539 2457 665 2550 quibus
701 2462 900 2528 constarent
936 2461 1120 2544 Pleiades,
1170 2459 1316 2552 gratiam

94 2620 326 2712 praevaluisse.
354 2619 590 2689 Nihilominus
619 2620 734 2707 simul,
766 2643 846 2689 cum
875 2620 921 2689 sit
948 2644 1032 2689 sana
1051 2624 1085 2689 et
1107 2621 1316 2690 inconcussa

95 2784 204 2850 mente
247 2779 426 2872 praeditus,
466 2766 664 2870 quainter
700 2780 920 2850 dulcissimos
961 2781 1064 2850 etiam
1106 2780 1315 2849 romanticos

96 2964 224 3010 errores
263 2962 456 3030 numquam
493 2939 676 3010 derelictus
706 2941 752 3010 sit
778 2940 855 3031 (etsi
883 2944 1003 3033 postea
1033 2964 1070 3010 se
1098 2940 1315 3031 aliquantum

96 3103 299 3173 insanivisse
334 3103 539 3195 contendit),
561 3103 705 3172 modum
737 3104 922 3194 quemdam
946 3107 979 3173 et
1007 3102 1073 3171 sibi
1098 3102 1164 3193 ipsi
1188 3105 1221 3171 et
1244 3107 1316 3172 stu-

96 3262 157 3330 diis
172 3263 256 3350 suis,
278 3267 316 3332 ut
336 3264 385 3332 ita
404 3261 531 3349 dicam,
553 3263 743 3333 constituit.
765 3264 866 3332 Haud
893 3264 1053 3353 equidem
1081 3263 1153 3331 scio
1178 3286 1222 3331 an
1248 3263 1316 3332 hoc

95 3423 260 3514 placuerit
283 3423 355 3509 sive
385 3424 506 3494 ceteris
538 3424 739 3493 romanticis
774 3423 1013 3515 scriptoribus,
1044 3424 1116 3493 sive
1149 3423 1314 3514 magistro

93 3585 156 3675 ipsi
204 3608 211 3653 :
263 3606 332 3675 quo
383 3586 493 3676 magis
535 3585 639 3654 etiam
682 3585 873 3654 notandum
924 3585 1074 3672 videtur,
1120 3589 1160 3655 ut
1213 3584 1315 3676 plane

94 3743 200 3814 critici
232 3744 344 3813 nostri
378 3749 609 3835 cognoscatur
642 3744 833 3835 ingenium.
864 3744 933 3829 Qui
963 3746 1083 3814 scribit
1113 3769 1120 3815 :

142 3966 226 4023 Nous
250 3966 350 4037 aussi,
374 3966 568 4037 avouons-le,
582 3983 662 4025 nous
682 3967 738 4041 qui
760 3982 876 4024 venons
907 3966 947 4024 de
970 3965 1132 4039 parcourir
1152 3980 1205 4022 ces
1237 3969 1315 4039 eges

93 4096 160 4164 trop
181 4090 303 4148 oublies
323 4098 355 4148 et
365 4091 417 4163 d’y
430 4098 555 4149 trouver
566 4093 605 4163 pe
623 4100 655 4148 et
668 4091 701 4147 le
717 4090 841 4149 d'utiles
862 4099 894 4148 et
917 4090 1082 4164 agreables
1097 4088 1315 4163 dedommage·

94 4222 201 4283 ments,
218 4232 297 4273 noue
317 4232 355 4273 ne
363 4231 499 4288 pouvons
513 4231 590 4272 nous
605 4213 769 4289 empecber
790 4215 860 4271 d’en
881 4214 1033 4273 vouloird
1056 4213 1218 4269 Malherbe
1232 4229 1312 4285 pour

94 4354 148 4395 son
170 4343 309 4397 extreme
322 4341 461 4414 rigueur.
480 4340 561 4414 dee
579 4340 650 4414 plus
668 4340 760 4397 d’une
782 4339 853 4410 fois,
870 4339 927 4398 des
945 4347 1027 4396 mots
1040 4354 1155 4407 amens,
1170 4336 1314 4395 d'irreve·

96 4471 194 4522 rentes
207 4464 334 4538 paroles
347 4481 427 4522 nous
440 4472 512 4551 sont
539 4464 713 4539 echappees
729 4481 784 4521 sur
796 4480 854 4521 son
868 4472 1004 4537 compte.
1023 4465 1052 4521 Α
1069 4465 1153 4522 force
1167 4462 1207 4521 de
1225 4462 1313 4519 vivre

98 4604 171 4647 avec
185 4607 237 4648 ses
255 4590 450 4660 devenciers,
466 4606 544 4649 nous
570 4591 613 4648 les
627 4605 720 4648 avons
735 4589 844 4658 almeo,
870 4596 902 4646 et
915 4564 986 4646 leur
1005 4606 1097 4647 cause
1118 4594 1165 4647 eet
1176 4602 1314 4663 presque

95 4713 223 4773 decem
237 4715 269 4773 lc
287 4717 424 4773 notre...

1169 4834 1189 4896 5
