2942 5100
686 469 846 534 -28-

150 654 205 723 die
248 654 426 745 cupiverat
472 653 634 745 operibus
671 654 821 724 laudatis
867 657 941 747 ipse
986 656 1121 739 florere,
1166 659 1205 723 ut
1250 676 1382 724 nomen

155 836 259 883 suum
310 813 446 904 insigne
493 812 631 905 scriptis
676 816 826 906 propriis
879 816 1017 886 faceret.
1064 817 1185 905 ltaque
1232 815 1381 905 jamjam

158 972 348 1042 adversus
392 973 661 1062 conscribendos
705 978 892 1065 aggressus
926 979 1011 1062 erat,
1047 975 1185 1065 quibua,
1221 997 1307 1044 voce
1340 980 1381 1044 ut

154 1132 203 1201 ita
231 1132 344 1200 dicam
382 1131 543 1217 demissa,
578 1133 720 1202 annales
756 1133 837 1203 vitae
870 1157 941 1203 suae
970 1134 1113 1203 humilis
1142 1139 1279 1203 caneret
1310 1137 1376 1226 (l).

152 1293 295 1380 Tamen,
341 1315 420 1361 cum
461 1315 497 1361 se
533 1293 674 1362 sentiret
711 1293 761 1361 ita
797 1293 919 1363 rudem
954 1298 987 1365 et
1024 1294 1238 1385 imperitum,
1273 1317 1376 1364 nemo

153 1455 225 1520 erat
261 1475 281 1520 a
326 1475 394 1542 quo
435 1451 580 1554 consilia
628 1455 758 1543 peteret
805 1457 839 1522 et
878 1476 948 1543 quo
1000 1453 1165 1544 magistro
1209 1457 1373 1524 uteretur.

152 1613 310 1702 Namque
338 1634 419 1682 cum
447 1611 543 1681 nullo
587 1611 818 1699 adulescente,
861 1613 976 1702 poesis
1017 1612 1186 1700 studioso,
1226 1613 1377 1683 amicitia

118 1848 120 1856 ,
151 1772 441 1864 conjungebatur,
471 1796 491 1840 a
519 1795 588 1862 quo
616 1773 900 1864 reprehendenda
927 1774 965 1842 in
986 1775 1204 1865 poematibus
1228 1774 1377 1866 benigne

152 1938 365 2003 notarentur.
408 1933 498 2004 Suos
532 1938 648 2002 autem
676 1936 875 2025 magistros,
911 1934 971 2024 qui
1012 1934 1266 2024 ephemeridem
1301 1957 1375 2026 per-

152 2097 363 2183 scribebant,
381 2096 538 2186 quamvis
555 2095 700 2164 historia
714 2094 1006 2186 philosophiaque
1025 2094 1182 2182 callidos,
1195 2095 1273 2186 jure
1290 2094 1377 2164 exis-

72 2284 74 2287 *
149 2257 294 2324 timabat
332 2254 509 2346 elegorum
543 2276 667 2346 parum
703 2254 940 2346 intellegentes
978 2254 1038 2346 (2).
1083 2254 1169 2337 Quae
1207 2276 1287 2323 cum
1328 2255 1377 2324 ita

151 2419 278 2502 essent,
304 2420 337 2484 et
364 2437 456 2502 oum,
489 2416 689 2484 auctoribus
727 2415 911 2484 destitutus
940 2419 974 2484 et
1005 2418 1129 2484 natura
1156 2414 1303 2505 pudens,
1339 2437 1377 2484 se

150 2578 307 2646 versibus
335 2581 446 2646 totum
476 2576 557 2646 dare
582 2576 767 2662 dubitaret,
801 2577 976 2666 quaerebat
1004 2576 1223 2645 occasionem
1249 2575 1377 2644 virium

150 2738 393 2807 tentandarum
419 2739 455 2805 in
493 2737 607 2807 medio
640 2737 791 2828 quodam
824 2736 997 2805 scribendi
1026 2758 1163 2827 genere,
1205 2748 1238 2805 et
1271 2741 1375 2804 mate-

154 2899 242 2966 riam
271 2919 339 2988 qua
366 2897 470 2966 simul
498 2920 534 2966 se
564 2921 584 2965 a
621 2918 724 2987 grege
761 2900 954 2965 secerneret
980 2894 1250 2985 facultatemque
1277 2916 1376 2963 suam

154 3059 343 3150 perficeret.
371 3057 472 3127 Haud
505 3057 743 3148 intempestive
778 3058 810 3126 ei
842 3056 973 3126 Gallica
1000 3056 1188 3125 Academia
1221 3059 1256 3124 et
1279 3078 1363 3123 occa

151 3219 283 3287 sionem
328 3223 361 3287 et
393 3216 573 3287 materiam
622 3217 800 3308 praebuit3
844 3240 921 3307 quae
962 3238 1079 3286 mense
1133 3215 1253 3286 Sextili
1292 3215 1374 3285 anui

154 3378 327 3447 millesimi
352 3378 628 3469 octingentesimi
658 3378 814 3447 vicesimi
833 3377 933 3472 sexti,
959 3377 1146 3446 certamine
1167 3376 1375 3469 scriptorum

157 3543 354 3629 commisso,
380 3544 624 3631 argumentum
653 3538 846 3608 disserendi
876 3538 1058 3629 proposuit
1076 3560 1083 3605 :
1100 3541 1277 3607 Dtaoonra
1307 3555 1376 3606 ont·

154 3701 336 3773 t'bistotre
364 3703 409 3771 de
450 3703 488 3769 to
517 3703 654 3788 lonpne
700 3703 738 3770 et
780 3703 826 3769 de
872 3703 910 3769 lo
938 3699 1156 3769 litteratore
1182 3702 1376 3785 francone

155 3866 286 3951 dennis
313 3864 363 3931 lea
398 3866 726 3931 connrnancenaenta
750 3862 802 3929 dn
824 3863 922 3929 XVIe
947 3861 1058 3929 siecle
1079 3858 1253 3947 jnaqn’en
1274 3862 1373 3927 1640.

154 4020 271 4089 Nostri
314 4019 491 4110 scriptoris
534 4018 715 4109 municeps
756 4017 814 4086 ille
852 4021 1024 4103 Dounon,
1064 4037 1180 4085 rerum
1226 4015 1359 4087 Gallica

153 4204 232 4251 rum
274 4178 557 4272 diligentissimus
600 4180 838 4271 investigator,
880 4201 949 4269 quo
990 4182 1120 4268 septem
1149 4178 1224 4268 jam
1266 4200 1374 4268 annos

201 4502 233 4566 (l)
249 4500 305 4551 Vide
322 4501 416 4560 landa,
425 4500 466 4563 lll,
481 4500 551 4571 532.
567 4516 581 4547 n
595 4500 700 4549 debeant
712 4500 749 4548 dea
764 4505 850 4563 memes
866 4500 892 4548 de
905 4498 1027 4548 sentiment
1039 4504 1086 4548 tout
1097 4499 1185 4554 intime,
1194 4511 1245 4547 onec
1258 4498 1296 4546 des
1309 4499 1361 4547 mec

156 4590 305 4653 pertenente
323 4591 392 4649 [ornae
406 4594 427 4637 et
440 4590 467 4637 de
482 4589 539 4650 style
555 4603 578 4636 o.

203 4704 238 4767 (2)
252 4702 308 4753 Vide
320 4703 429 4753 Portrottr
445 4701 628 4766 contemporales,
646 4700 666 4763 l,
682 4697 756 4751 489.
