2942 5100
660 506 819 568 ...44-

173 696 233 762 aut
265 691 426 782 denique,
460 691 502 761 da
533 695 713 782 poetarum
749 690 836 759 sexti
874 688 1000 758 decimi
1030 689 1138 758 seculi
1172 691 1349 757 conventu

128 851 214 939 toto',
244 856 284 920 ut
316 851 357 921 de
386 851 454 919 illis
479 849 652 942 judicium
681 849 823 918 deliniat
854 872 861 918 :

182 1121 265 1210 Sana
292 1153 337 1211 vie
369 1151 476 1222 realta,
503 1169 577 1212 sana
608 1152 793 1227 originalite
819 1168 949 1226 propre,
983 1152 1090 1210 l'ecole
1121 1153 1163 1210 de
1196 1151 1355 1224 Ronsard‚

126 1277 233 1353 quand
260 1278 318 1335 elle
343 1286 396 1334 eut
421 1277 529 1350 epuise
556 1278 733 1334 l'imitation
758 1293 895 1350 praeque
921 1285 953 1334 et
981 1276 1078 1334 latine
1112 1293 1147 1334 se
1180 1279 1248 1351 jeta
1281 1278 1355 1350 plus

125 1402 409 1475 particulitrement
431 1419 486 1459 sur
508 1401 686 1459 l’imitation
706 1402 854 1459 italienne
876 1410 907 1459 et
925 1401 1057 1475 l'epuisa
1079 1418 1199 1459 comme
1219 1402 1353 1460 l’autre:

123 1543 208 1601 pour
231 1526 302 1597 elle,
329 1527 432 1585 c’etait
458 1527 489 1585 ἰὰ
505 1544 538 1584 se
561 1527 796 1600 perfectionner
821 1527 876 1602 (ι).

173 1813 259 1896 Quae
291 1813 409 1881 omnia
440 1813 593 1904 profecto
623 1835 748 1905 parurn
775 1813 874 1882 mitia
906 1836 980 1884 esse
1014 1813 1239 1884 videbuntur.

173 1974 254 2060 Sed,
290 1997 369 2044 eum
403 1974 477 2044 haee
506 1974 576 2043 sint
608 1974 690 2042 satis
724 1997 842 2066 aspere
867 1974 971 2062 dicta,
997 1982 1080 2045 sunt
1110 1981 1227 2045 tamen
1256 1975 1356 2045 dissi·
1467 2008 1469 2017 ·

128 2134 222 2203 milia
255 2133 349 2204 haud
390 2135 506 2204 minus
541 2139 736 2225 trequentar
775 2135 964 2207 enuntiata.
1002 2137 1222 2226 Quamquam
1261 2136 1354 2204 enim
1455 2160 1462 2177 ·

127 2298 398 2367 Salute-Beuve
440 2295 603 2386 suffragio
651 2318 714 2364 suo
766 2296 970 2385 comprobat
1015 2300 1049 2365 et
1102 2297 1177 2388 ipse
1226 2297 1354 2365 iterum
1462 2338 1470 2349 =

128 2455 282 2525 decernit
332 2454 500 2547 quidquid
546 2455 771 2524 inclementer
817 2455 1045 2526 decreverunt
1087 2460 1284 2526 Malterbe
1323 2460 1356 2526 et

127 2622 297 2703 Boileau,
327 2639 532 2709 persuasum
561 2617 666 2686 habet
695 2615 776 2685 illos
799 2620 1004 2688 sententiam
1035 2618 1162 2689 dixisse
1190 2640 1253 2689 nee
1278 2620 1355 2688 sina

131 2780 183 2848 ira
215 2802 278 2848 nee
315 2780 389 2849 sine
430 2779 670 2850 amaritudine.
715 2780 933 2872 Quapropter
979 2780 1166 2850 arbitratur
1207 2779 1355 2871 gloriam
1464 2847 1465 2860 ξ

129 2963 197 3031 qua
234 2940 326 3010 inter
363 2941 514 3031 aequales
552 2963 635 3010 suos
675 2943 850 3011 Rousard
890 2940 1058 3026 floruerit,
1098 2940 1212 3010 nausis
1248 2939 1356 3032 justis

129 3102 255 3189 allatis,
303 3106 337 3173 et
387 3102 552 3194 explicari
593 3107 628 3172 et
666 3101 769 3171 etiam
811 3102 1029 3193 comprobari
1069 3123 1172 3193 posse
1201 3120 1209 3182 ;
1257 3105 1292 3169 et
1335 3124 1356 3169 a

131 3263 320 3333 lectoribus
348 3263 501 3355 postulat
532 3267 571 3333 ut
601 3263 770 3333 benevolo
803 3268 864 3332 aut
894 3262 1011 3353 potins
1041 3284 1141 3353 aequo
1171 3262 1287 3331 animo
1318 3283 1355 3330 se

124 3424 310 3535 praebeant
359 3445 441 3514 erga
489 3427 627 3515 poetam
672 3423 824 3510 irrisum,
876 3446 945 3513 quo
991 3422 1114 3492 melius
1150 3422 1355 3513 intellegant

130 3584 250 3653 sallem
293 3583 392 3653 illum
435 3583 567 3653 clarum
601 3584 759 3651 habiturn
791 3583 932 3653 inisse:

181 3888 241 3944 Les
268 3886 464 3944 traductione
493 3885 721 3943 satisfaisaient
745 3902 807 3960 peu
828 3887 875 3944 les
900 3892 993 3960 gouts
1016 3886 1183 3943 litteraires
1208 3885 1265 3943 des
1286 3886 1356 3943 eru-

128 4012 263 4082 dits...;
293 4012 358 4069 s’ils
386 4012 568 4086 daignaient
600 4029 714 4087 sanger
747 4012 943 4088 quelquefois
979 4014 999 4068 a
1033 4012 1065 4068 la
1095 4011 1210 4085 langue
1241 4020 1354 4069 maten

127 4136 219 4205 nella,
245 4137 348 4194 oeteis
369 4153 450 4211 pour
474 4146 626 4211 regretter
652 4137 762 4211 qu'elle
789 4154 828 4194 ne
852 4136 891 4193 ut
916 4154 977 4210 pas
1012 4137 1240 4194 d'elle-meme
1272 4136 1356 4211 quel·

129 4278 190 4335 que
211 4262 363 4319 tentative
388 4263 459 4336 plus
483 4262 561 4319 libre
588 4262 668 4318 dans
696 4262 743 4319 les
770 4263 858 4319 voles
889 4262 1044 4336 antiques.
1077 4262 1223 4320 Ronsard
1261 4262 1356 4319 sentit

129 4402 163 4444 ce
188 4387 310 4453 besoin,
325 4393 355 4443 et
374 4404 405 4459 y
429 4387 571 4461 repondit
596 4388 904 4446 merveilleuaement.
919 4388 1120 4446 Admirateur
1145 4389 1203 4445 des
1227 4388 1355 4446 enciens

180 4724 214 4785 (l)
228 4722 285 4772 vite
300 4722 336 4781 G,
352 4724 432 4776 8nav.
448 4752 479 4764 -
495 4726 539 4776 llic
548 4726 614 4777 loeus
625 4726 691 4777 valde
707 4735 812 4778 mutatus
824 4731 900 4780 estin
915 4730 947 4794 Β,
961 4730 1032 4790 127,
1047 4731 1079 4794 G,
1093 4730 1156 4783 102
1166 4738 1191 4782 at
1204 4730 1240 4794 ῑι,
1251 4731 1271 4792 l,
1281 4731 1354 4784 181.
