2942 5100
703 469 863 533 -52-

214 654 360 742 Deinde,
390 677 469 724 cnm
497 657 576 723 ente
614 654 734 724 oculos
774 655 908 741 habuit,
957 678 1021 724 eno
1058 655 1136 726 loco
1172 657 1380 728 inserendum

167 813 348 901 volumini,
393 813 478 884 illud
521 813 563 882 de
608 818 717 905 poetae
762 814 929 902 Reccier
974 816 1089 885 satiris
1129 821 1245 908 capnt,
1301 820 1380 908 qnod

168 974 379 1064 ephemeridi
406 975 519 1044 fueret
543 973 722 1060 inscrtum,
756 976 892 1065 putavit
920 998 974 1044 res
1002 1000 1022 1044 a
1058 999 1094 1046 se
1119 977 1259 1045 iteratas
1280 978 1381 1047 verbis

171 1157 186 1201 1
222 1138 261 1204 nt
295 1134 368 1224 jem
394 1157 499 1226 snpra
529 1133 660 1202 dictum
693 1137 745 1203 est
787 1157 803 1201 r
840 1135 1000 1205 excusari
1037 1158 1168 1227 posse:

150 1401 154 1409 ‘
216 1437 240 1493 11
267 1438 358 1508 rema,
384 1455 425 1494 on
454 1437 494 1494 ra
516 1438 623 1508 cicun
650 1458 664 1491 «
690 1437 749 1494 Art
771 1438 955 1512 poetique»
980 1439 1032 1509 (1).

211 1722 278 1793 Sed
320 1744 400 1791 enm
449 1722 537 1812 fugit
591 1745 640 1808 se,
689 1721 757 1791 hoc
801 1721 891 1808 loco,
933 1722 975 1791 de
1030 1695 1237 1810 Vauquelirc
1278 1727 1321 1793 de
1352 1728 1384 1795 lo

165 1888 355 1971 Fresrcaye
391 1882 561 1972 judicium
595 1904 764 1973 promere,
801 1882 901 1971 quasi
928 1882 993 1950 iste
1022 1881 1218 1974 legentibus
1252 1883 1382 1974 ignotus
1459 1828 1463 1871 i

163 2049 197 2113 et
235 2067 347 2112 novus
392 2047 494 2128 esset,
542 2046 579 2112 nt
631 2046 705 2110 erat
744 2041 897 2131 quidem,
937 2042 997 2111 sed
1035 2042 1294 2133 ephemeridem
1322 2067 1383 2112 non

167 2203 295 2272 librum
320 2202 528 2294 legentibus.

209 2366 276 2436 Sed
317 2365 353 2432 in
387 2362 581 2455 proesentis,
626 2366 745 2430 nostre
780 2361 896 2430 minus
941 2362 1083 2431 interest
1109 2387 1186 2454 quae
1218 2368 1283 2433 eut
1307 2387 1386 2455 qno·

165 2526 269 2595 modo
308 2547 411 2616 quem
449 2546 512 2593 cnr
550 2527 584 2591 et
634 2545 702 2613 qne
734 2507 855 2591 'mente
897 2526 1029 2592 mutate
1058 2522 1128 2592 sint
1166 2547 1384 2616 cognoscere.

166 2690 241 2757 Hoc
269 2692 382 2755 antem
411 2688 660 2776 praesumptnm
684 2688 718 2752 et
752 2684 825 2774 jem
858 2688 959 2752 antea
999 2686 1179 2776 cognitum
1207 2687 1384 2757 hebemus.

164 2848 324 2920 Vidimus
361 2846 453 2916 enim
491 2869 567 2936 qnae
605 2846 695 2914 facte
728 2846 798 2913 sint
838 2845 1019 2935 scriptoris
1055 2846 1182 2918 studio.
1231 2848 1278 2915 Et
1320 2847 1387 2938 ipse

162 3009 198 3077 in
230 3008 444 3099 praefatione,
480 3010 596 3097 aperte
625 3005 815 3075 declaravit
849 3007 1110 3093 controversiis,
1135 3006 1258 3077 seculo
1295 3013 1387 3078 sexto

164 3170 297 3239 decimo
320 3169 362 3239 de
386 3189 510 3259 genere
533 3165 671 3235 dicendi
706 3166 919 3256 disceptetis,
947 3189 985 3236 se
1015 3168 1284 3237 commixtorum
1319 3192 1387 3237 esse

161 3329 400 3400 contentiones
415 3326 533 3397 seculo
566 3325 827 3394 undevicesimo
849 3330 955 3411 ortes,
972 3327 1008 3395 id
1035 3332 1087 3397 est
1104 3328 1194 3397 inter
1219 3328 1386 3400 classicos

163 3496 196 3561 et
218 3488 428 3559 romanticos
449 3490 641 3569 certamen,
660 3488 695 3553 et
719 3485 1014 3577 significavitfere
1043 3493 1159 3578 operte
1180 3511 1289 3558 novas
1315 3513 1388 3581 per-

163 3656 215 3721 tes
251 3672 287 3718 se
318 3650 573 3737 suscepturum.
606 3644 780 3731 Ceterum,
819 3668 911 3714 enno
952 3646 1136 3716 millesimo
1174 3650 1389 3741 octingente-

165 3814 254 3881 simo
282 3809 448 3880 vicesimo
490 3810 624 3891 octavo,
659 3803 848 3895 legentium
881 3807 1056 3877 neminem
1086 3831 1126 3878 ee
1165 3832 1220 3879 res
1255 3809 1386 3880 tetellit.

167 3973 229 4041 Die
261 3970 354 4041 enim
395 3965 653 4037 undevicesimo
699 3965 828 4035 mensis
865 3966 949 4035 Julii
998 3967 1040 4035 ab
1073 3970 1305 4060 ephemeridis
1337 3973 1389 4039 Le

166 4136 277 4204 Globe
309 4128 543 4219 conscriptore
574 4123 724 4215 quodam
758 4125 871 4195 dictus
896 4131 969 4196 est:
996 4152 1012 4196 1
1045 4150 1100 4199 uo
1128 4135 1290 4219 critique
1310 4136 1390 4201 ami

166 4296 265 4365 dece
286 4292 396 4380 qu’oc
423 4288 570 4376 appelle
603 4288 644 4355 le'
666 4290 911 4357 romaotisme
936 4310 981 4371 r;
1004 4293 1036 4357 et
1065 4289 1119 4358 die
1144 4295 1266 4380 quarto
1292 4314 1389 4362 men·
1460 4281 1466 4422 ἐ

215 4688 250 4751 (1)
267 4688 326 4737 vnn
340 4686 372 4743 s,
387 4682 459 4747 104,
479 4680 585 4745 (1.131
601 4681 672 4743 en,
690 4680 710 4737 1,
723 4680 798 4733 m
