2942 5100
1386 44 1389 55 .
1468 0 1470 4 ’

1390 68 1399 82 a
1426 112 1452 138 (μ

1345 171 1446 237 uuir

1316 279 1335 334 ib

643 551 803 614 ..41-

95 739 199 810 simul
212 725 215 729 ¹
229 743 267 809 et
298 741 484 830 profanum
515 739 642 830 vulgus
673 737 828 806 odissent
856 738 957 824 atque
984 738 1143 804 arcerent
1174 738 1208 803 et
1235 731 1328 804 litte·

95 923 152 970 ras
183 900 323 992 patrias
352 900 606 992 popularesque
629 921 665 968 se
693 898 947 965 instauratores
962 894 1106 964 ridicule
1126 895 1326 985 jactarent:

150 1158 302 1230 Qu’est-il
329 1156 410 1216 donc
435 1158 572 1227 advena,
599 1173 661 1230 que
690 1156 833 1215 devaicil
865 1156 996 1215 advenir
1027 1154 1068 1212 de
1106 1161 1187 1211 cette
1219 1153 1334 1228 langue

99 1267 234 1342 cavante
260 1283 433 1340 construite
459 1299 513 1339 sur
539 1283 572 1339 la
594 1283 707 1356 langue
739 1282 931 1357 populaire‘l
957 1281 1002 1339 La
1026 1281 1141 1353 langue
1168 1279 1334 1352 populaire

99 1425 120 1465 a
144 1408 204 1464 l'ait
232 1425 279 1464 un
312 1425 383 1482 pas,
417 1415 449 1464 et
480 1414 549 1464 tout
579 1406 816 1480 l’ecbaiandage
850 1406 890 1463 de
926 1407 959 1462 la
994 1405 1107 1478 langue
1143 1411 1277 1469 cavante
1315 1420 1335 1459 a

101 1532 218 1591 ercule.
245 1533 428 1590 L’accident
448 1533 526 1608 etait
549 1532 695 1602 soudain,
718 1540 751 1590 et
774 1548 894 1590 comme
922 1531 950 1588 le
977 1529 1108 1588 sublime
1134 1527 1333 1601 deaappctntb

101 1658 212 1716 rauche
248 1675 293 1716 au
327 1665 506 1733 grotesque,
536 1675 579 1715 un
611 1658 686 1732 long
719 1658 801 1716 telat
834 1656 875 1715 de
904 1658 967 1714 rire
991 1673 1012 1713 a
1038 1655 1138 1712 eclate
1167 1669 1288 1712 comme
1315 1655 1336 1709 a

103 1799 163 1842 une
191 1784 290 1842 chute
318 1784 359 1842 de
383 1783 527 1841 treteanx
551 1783 603 1856 (1).
1073 1752 1077 1758 ⁴

151 2078 236 2166 Sed,
274 2077 304 2147 si
356 2077 470 2148 denuo
508 2079 612 2147 verbo
655 2077 732 2169 ipse
774 2101 790 2144 ‹
822 2082 1016 2164 preterque
1055 2098 1085 2161 r,
1122 2098 1142 2142 a
1180 2076 1337 2145 Boilcau

108 2243 294 2330 usurpato,
330 2240 602 2310 Salute-Beuve
635 2237 757 2324 utitur,
795 2237 968 2306 neminem
996 2235 1086 2326 fugit
1121 2234 1207 2303 illud
1246 2237 1337 2303 certa

109 2399 244 2491 reliquo
280 2423 437 2469 sermone
471 2399 641 2469 attenuari
664 2399 858 2490 minuique.
889 2397 1026 2466 Etenim
1053 2396 1336 2482 Salute-Becco,

110 2564 297 2651 postquam
331 2560 373 2629 de
411 2560 465 2630 his
495 2559 643 2652 inceptis
681 2565 752 2628 tam
789 2558 913 2628 acriter
948 2556 1214 2641 existimaverat,
1245 2552 1341 2624 vide-

113 2725 169 2790 tur
211 2721 332 2791 nescio
372 2745 440 2812 quo
475 2744 592 2790 amere
637 2742 718 2811 erga
755 2720 940 2811 scriptores
983 2723 1123 2809 captum
1159 2739 1246 2803 esse,
1281 2718 1341 2807 qui

114 2880 189 2951 baec
219 2884 397 2974 suscipere
426 2882 501 2951 ausi
529 2885 623 2950 sunt.
651 2880 834 2963 Laborem,
861 2900 963 2969 quem
994 2878 1098 2946 ceteri
1119 2878 1340 2946 observantes

115 3042 151 3109 in
201 3043 411 3112 cachinnum
461 3044 560 3113 effusi
611 3046 703 3129 sunt,
752 3045 866 3111 mente
912 3040 1109 3132 aequissima
1155 3039 1341 3129 animoque

117 3201 250 3271 intento
283 3203 456 3295 expendit.
492 3204 580 3273 Cum
607 3202 694 3293 ipse,
721 3202 804 3292 quid
832 3202 869 3270 in
902 3201 998 3292 poesi
1035 3204 1153 3292 posset
1189 3203 1364 3284 tentans,-

118 3368 286 3452 quantum
314 3366 404 3434 inter
432 3364 583 3455 cogitata
611 3367 645 3431 et
677 3364 798 3433 effecta
837 3362 1018 3431 interesset
1046 3364 1206 3451 expertus
1237 3363 1338 3443 esset,

120 3546 197 3593 eum
224 3524 324 3616 juvat
351 3526 491 3595 illerum
524 3538 676 3593 errorem
713 3523 868 3615 profiteri
910 3546 981 3591 nen
1019 3522 1198 3613 vulgarem
1235 3521 1341 3590 fuisse

122 3688 219 3775 atque
263 3686 371 3755 amice
416 3685 614 3755 renuntiare
662 3707 767 3775 quam
812 3683 959 3775 pulchra
1007 3683 1155 3753 fuissent
1202 3682 1343 3751 illorum

121 3843 374 3916 lucubrationes
406 3850 439 3916 et
476 3845 594 3915 sedula
631 3844 746 3915 studia
774 3848 809 3914 et
845 3849 965 3913 sancta
998 3866 1143 3934 poeseos
1175 3841 1345 3933 supersti-

123 4005 181 4093 tio,
213 4011 253 4075 ut
283 4007 487 4076 misereatur
505 4006 736 4097 [ingeniorum
765 4006 967 4075 sublimium
997 4009 1076 4072 cuin
1102 4005 1249 4074 adversa
1276 4003 1344 4071 lin-

124 4186 190 4255 gua
217 4166 504 4249 conflictantium,
533 4170 567 4235 et
595 4164 736 4234 illerum
770 4165 927 4235 cruciatu
953 4186 1033 4233 cum
1061 4162 1130 4232 illis
1159 4163 1342 4232 afficiatur.

125 4324 338 4417 Quapropter
369 4348 511 4417 operam
549 4330 655 4394 navat
693 4329 733 4393 ut
772 4324 913 4416 patefiat
949 4322 1119 4414 quidquid
1154 4345 1172 4391 e
1214 4321 1345 4392 scholae

126 4487 232 4557 ruinis
263 4486 345 4557 boni
378 4490 492 4555 tamen
522 4484 737 4569 successerit,
772 4484 879 4554 immo
913 4488 953 4553 ut
979 4484 1082 4575 plane
1119 4486 1251 4553 certum
1286 4484 1346 4552 fiat

168 4789 201 4853 (l)
218 4786 276 4838 vide
289 4787 325 4839 G.
345 4812 372 4825 ·-
390 4784 435 4843 Qui
448 4785 514 4836 locus
526 4799 575 4836 non
588 4785 836 4843 manturanum,
849 4785 870 4846 l,
885 4784 990 4835 93-95.
