2942 5100
663 570 824 634 ...42-

130 753 262 824 cladem
301 755 413 846 ipsam
450 753 633 824 fecundam
669 755 789 840 fuisse,
829 761 862 825 et
900 757 1040 826 illorum
1094 759 1240 849 conatus
1282 776 1353 822 non

129 915 233 1014 modo
265 916 380 1003 utiles,
411 915 598 985 sedetiam
630 881 843 985 necessarios
877 917 983 986 fuisse
1030 923 1069 987 ut
1103 917 1214 1006 magis
1255 937 1354 1006 pros-

129 1097 213 1166 pero
250 1082 375 1147 eventu
408 1077 577 1146 feliciores
613 1077 833 1167 insequentes
862 1060 1077 1148 uterentur.¹

173 1238 227 1306 Ab
265 1236 333 1306 hoc
369 1231 475 1329 igitur¹
509 1237 673 1307 vicesimo
709 1237 764 1306 die
799 1182 928 1307 mensis
956 1237 1179 1329 Septembris,
1206 1235 1353 1304 mediam

129 1396 315 1487 quamdam
347 1398 438 1467 viam
474 1402 569 1468 tenet
599 1397 881 1492 Salute-Beuoe.
919 1397 994 1466 Etsi
1028 1418 1278 1487 nonnunquam
1317 1395 1354 1463 in

129 1558 272 1627 modum
318 1559 548 1650 improbantis
588 1559 753 1650 loquitur,
798 1563 915 1628 tamen
952 1559 984 1628 ei
1019 1580 1112 1628 curae
1158 1562 1212 1626 est
1248 1557 1353 1647 digna

130 1742 207 1810 quee
235 1719 420 1815 laudentur
456 1724 725 1790 commonstrare
753 1744 761 1806 ;
792 1720 856 1789 etsi
888 1719 1047 1812 quaedem
1085 1719 1189 1787 etiam
1221 1719 1354 1809 vitupe-

129 1885 195 1966 rat,
253 1881 388 1950 curiose
453 1886 689 1973 perscrutatur
737 1905 814 1973 quae
880 1879 1017 1971 culpam
1071 1879 1197 1948 levent.
1250 1879 1351 1948 Haud

130 2041 278 2109 absurde
306 2041 405 2110 illum
427 2041 613 2132 aliquando
642 2041 739 2111 dicas
772 2040 926 2110 laborem
954 2040 1179 2109 intermisisse
1208 2045 1249 2108 ut
1279 2040 1353 2107 sive

130 2223 210 2271 cum
252 2207 290 2271 V.
323 2206 432 2290 Haeo
477 2223 652 2270 sermones
698 2201 854 2288 haberet,
893 2201 965 2270 siva
1000 2203 1132 2270 Artem
1165 2204 1354 2286 poetieam

130 2366 343 2448 retractaret,
379 2366 424 2448 et,
458 2384 537 2430 curn
568 2384 604 2431 se
635 2361 748 2430 labori
775 2360 991 2445 reddidisset,
1027 2347 1122 2446 tunc,
1152 2360 1353 2430 alterutrius

129 2520 331 2591 auctoritate
360 2521 544 2612 impulsus,
576 2521 678 2591 modo
711 2523 886 2593 Romami
919 2525 1119 2612 ceterosque
1150 2522 1353 2591 Pleiadum

127 2688 246 2775 poetes
282 2683 502 2769 detrectasse,
547 2684 649 2753 modo
690 2683 852 2753 leudibus
886 2683 1060 2754 extulisse.
1097 2683 1197 2754 Unde
1237 2685 1276 2752 fit
1314 2689 1354 2754 ut

128 2844 241 2935 capita
269 2844 481 2933 ephemeridi
508 2844 651 2930 inserte,
680 2848 765 2913 tunc
805 2866 939 2935 aspera,
972 2849 1056 2913 tunc
1088 2845 1232 2913 remissa
1268 2846 1351 2914 sint.

171 3004 307 3073 Etenim
347 3008 457 3095 poetae
499 3008 673 3075 Romord
701 3004 809 3074 vitam
852 3003 935 3072 dicit
970 3005 1122 3074 tabulam
1164 3006 1352 3096 quamdam

127 3164 230 3233 simul
258 3164 443 3234 sublimem
471 3169 506 3234 el
533 3163 716 3235 ridiculam
750 3188 757 3233 :

244 3412 288 3452 un
318 3395 426 3453 drame
454 3396 533 3453 mele
558 3396 747 3453 d'heroisme
772 3404 804 3454 et
831 3396 872 3455 de
893 3401 1064 3470 grotesque
1088 3397 1141 3468 (1).

118 3674 120 3679 -
169 3626 387 3712 Quibusdam
407 3627 575 3718 jucundis
602 3628 688 3699 locis
715 3652 757 3699 ex
784 3630 946 3721 operibus
971 3630 1046 3721 ejus
1072 3631 1198 3717 allatis,
1226 3629 1348 3698 addit:

177 3859 222 3917 Ce
247 3877 287 3917 ne
315 3868 387 3917 sont
412 3862 445 3917 le
472 3878 532 3935 quc
559 3861 616 3919 des
643 3862 776 3920 beantes
798 3863 937 3937 eparses.
960 3847 1007 3921 Le
1023 3863 1099 3937 plns
1119 3872 1255 3935 souoent,
1277 3874 1349 3923 tous

122 3985 170 4043 les
192 3986 264 4059 cinq
284 4002 326 4042 ou
351 3985 405 4042 dix
430 4003 504 4043 vers
532 3988 674 4055 environ,
701 4004 762 4044 une
787 3987 983 4062 expression,
1010 4005 1071 4045 une
1095 3990 1200 4063 image
1227 3990 1351 4048 triviale

114 4110 182 4184 seit
201 4111 363 4183 grimoeer
386 4128 420 4168 ce
445 4111 528 4184 style
552 4114 608 4186 qui
632 4119 701 4171 veut
724 4114 790 4169 etre
814 4112 951 4183 certene,
978 4121 1019 4184 et,
1047 4130 1166 4171 comme
1191 4132 1251 4171 une
1275 4124 1350 4174 note

123 4235 245 4292 criarde
269 4252 312 4292 au
337 4235 444 4293 milieu
470 4235 542 4292 d'un
568 4244 623 4293 ton
648 4253 754 4309 grave,
775 4255 855 4295 nous
877 4238 993 4296 avertit
1020 4255 1082 4314 que
1110 4239 1255 4296 roncare
1274 4240 1349 4313 for-

122 4360 184 4429 eall
209 4374 266 4417 eon
299 4360 488 4417 imtrument
514 4359 565 4432 (a).

170 4665 206 4727 (t)
221 4664 279 4716 Vide
296 4666 331 4723 G,
349 4664 380 4714 20
392 4673 453 4729 sept.
468 4693 499 4703 -
510 4666 555 4716 iiic
567 4667 633 4717 locus
650 4682 698 4718 non
715 4677 820 4720 muretus
831 4678 886 4721 ast:
902 4671 925 4720 ci
940 4672 975 4735 L,
986 4672 1005 4732 Ι,
1020 4674 1091 4726 110.

172 4778 205 4840 (2)
223 4778 280 4827 Vide
297 4780 332 4838 G,
348 4779 363 4829 t
378 4786 424 4831 oct.
439 4807 467 4819 -
485 4781 530 4839 Qui
546 4781 613 4832 locus
628 4790 732 4834 mumius
745 4792 782 4834 ast
797 4784 822 4835 in
834 4783 866 4849 S,
881 4785 922 4838 88
936 4793 960 4837 et
973 4788 1006 4852 0,
1020 4790 1064 4841 68
1079 4798 1102 4841 et
1114 4792 1149 4852 L,
1162 4793 1182 4856 l,
1198 4793 1270 4845 120.
