2942 5100
725 519 864 597 &4-

177 707 217 772 ut
246 724 323 792 qum
356 701 517 794 opinatus
544 706 643 800 esset
671 705 772 771 antea
807 702 922 772 denuo
959 707 1130 794 pensaret,
1166 708 1200 773 et
1232 707 1404 794 tempera-

179 868 231 933 ret
274 863 303 932 si
344 863 427 953 quid
464 864 501 931 in
538 863 702 933 laudibus
739 863 1018 950 immoderatum,
1054 868 1212 954 gravaret
1247 865 1277 932 si
1319 863 1403 954 quid

177 1026 213 1093 in
262 1023 589 1116 reprehensionibus
633 1024 872 1115 indulgentius
914 1047 988 1094 esse
1035 1025 1226 1094 videretur.
1272 1025 1399 1114 Atque,

177 1187 462 1276 quotiescumque
516 1208 621 1277 opera
667 1185 742 1276 jam
788 1190 889 1255 antea
928 1185 1055 1254 emissa
1097 1185 1219 1255 edebat
1261 1185 1401 1270 iterum,

176 1350 236 1416 aut
280 1351 412 1416 textum
455 1347 660 1417 emendabat
703 1346 867 1436 maligne,
908 1368 971 1437 pro
1020 1346 1135 1415 verbis
1182 1345 1250 1414 alia
1297 1345 1404 1414 verba

175 1508 377 1599 subjiciens,
408 1513 467 1579 aut
493 1509 609 1601 potius
643 1508 772 1577 notulis
802 1466 927 1577 astutis
962 1507 1220 1577 contradicebat
1253 1506 1296 1575 iis
1325 1527 1402 1596 quae
1463 1563 1465 1570 ζ

175 1671 346 1760 superiori
382 1671 517 1761 paginae
545 1670 635 1762 parti
662 1669 829 1760 inscripta
861 1673 972 1754 erant,
1002 1669 1122 1754 nimia,
1163 1691 1227 1739 suo
1261 1666 1402 1759 quidem

178 1831 358 1916 arbitratu,
384 1834 443 1898 aut
467 1829 691 1898 admiratione
720 1832 781 1898 aut
811 1828 1084 1899 mansuetudine*
1098 1829 1288 1918 inquinata.

218 1991 329 2081 lgitur
344 1991 374 2058 si
388 1990 424 2058 in
438 1989 553 2059 animo
569 1990 737 2060 habemus
753 1990 878 2058 mentis
893 1990 1000 2079 hujus
1016 1989 1115 2080 quasi
1130 1989 1271 2095 annales
1287 1991 1397 2059 revol-

173 2175 255 2222 vere
284 2156 317 2221 et
349 2152 509 2242 cupimus
535 2151 685 2221 dilucide
710 2173 920 2242 cognoscere
946 2151 1074 2240 quibus
1099 2150 1266 2218 doctrinis
1290 2151 1402 2221 diver-

172 2311 220 2379 sis
237 2309 392 2379 imbutus
414 2313 447 2378 et
468 2308 593 2399 quibus
612 2307 736 2378 studiis
749 2307 903 2379 vicissim
920 2311 1035 2376 motus
1051 2307 1096 2376 sit
1110 2309 1396 2392 Solate-Beuoe,

171 2471 362 2563 plurimum
400 2469 500 2539 nobis
529 2468 682 2560 proderit
713 2490 790 2559 quae
823 2468 1057 2537 emendaverit
1090 2473 1124 2537 et
1156 2467 1283 2559 quibus
1328 2446 1419 2535 sibi⁴

172 2632 246 2725 ipse
274 2654 336 2723 per
360 2654 469 2700 annos
497 2636 634 2700 exactos
662 2628 890 2720 discrepuerit
921 2630 1107 2719 inquirere.
1131 2628 1186 2697 Ad
1215 2652 1296 2719 quae
1324 2627 1400 2697 ani-

171 2792 428 2879 madvertenda,
457 2792 556 2861 ¹nihil
602 2792 715 2882 aptius
756 2790 894 2860 videtur
935 2810 1039 2882 quam
1080 2790 1172 2859 idem
1224 2789 1400 2880 quoddam

171 2978 260 3047 opus
306 2952 464 3045 religiose
514 2953 691 3044 indagare,
743 2976 763 3021 a
815 2952 982 3043 scriptore
1032 2953 1108 3042 ipso
1162 2951 1290 3020 iterum
1337 2949 1401 3019 ali-

172 3119 257 3207 quot
304 3114 403 3183 anuis
444 3114 633 3203 interjectis
666 3112 809 3182 editum.
840 3111 1031 3203 Apparebit
1065 3112 1169 3198 enim,
1209 3115 1248 3181 ut
1281 3133 1395 3181 exem-

173 3275 270 3365 plum
305 3274 457 3361 atteram,
493 3277 662 3364 quantum
697 3271 783 3340 fides
819 3271 895 3360 ejus
933 3271 974 3340 de
999 3237 1190 3362 ¹relligione
1221 3275 1255 3340 et
1287 3272 1391 3341 rebus

171 3434 311 3520 divinis,
345 3434 436 3504 inter
481 3456 592 3503 annos
651 3431 876 3501 millesimum
928 3431 1256 3522 octingentesimum
1276 3394 1400 3501 'trice-

172 3596 300 3665 simum
328 3595 514 3685 septimum
546 3598 579 3662 et
621 3582 844 3660 nlillesimum
889 3590 1214 3682 octingentesimum
1258 3616 1401 3685 sexage-

173 3756 299 3825 simum
340 3754 537 3846 septimum,
573 3755 705 3821 mutata
745 3742 803 3836 sit,
832 3752 862 3819 si
896 3751 974 3841 quis
1014 3751 1122 3820 libros
1154 3753 1280 3842 quibus
1318 3755 1403 3824 titu-

174 3919 229 3989 lus
277 3918 518 4005 Parasopiai,
573 3914 692 4005 quales
737 3914 889 4003 primum
948 3912 1066 3996 edidit,
1131 3911 1228 3981 libris
1276 3914 1402 3985 iisdem

173 4078 335 4150 ultimum
376 4077 476 4146 editis
518 4073 714 4144 contulerit.
758 4074 830 4143 Nec
882 4073 999 4144 minus
1050 4074 1141 4144 clare
1187 4078 1280 4167 patet
1324 4077 1400 4146 fore

174 4246 214 4311 ut
255 4231 356 4331 plane
402 4257 654 4329 cognoscamus
708 4256 813 4325 quam
858 4234 964 4303 variis
1002 4236 1184 4327 praeceptis
1235 4237 1277 4306 de
1326 4242 1400 4307 arte

176 4356 349 4470 scribendi
385 4398 482 4467 nisus
520 4397 565 4465 sit
595 4400 628 4500 et
664 4418 769 4486 quam
805 4416 895 4486 saepe
926 4396 1059 4485 judicia
1089 4419 1152 4466 sua
1183 4396 1224 4464 de
1253 4397 1400 4487 scripto-

179 4559 276 4628 ribus
309 4557 504 4642 mutaverit,
535 4579 614 4625 cum
641 4554 892 4625 contulerimus
920 4556 1128 4648 scriptorum
1157 4556 1399 4649 descriptioni-

177 4717 256 4805 bus,
290 4717 417 4807 quibus
446 4717 597 4789 collectis
625 4716 704 4786 libri
745 4718 939 4787 Pertraits
973 4719 1281 4805 contemperatae
1316 4716 1400 4787 dicti
