<?xml version="1.0" encoding="UTF-8"?>
<!DOCTYPE html PUBLIC "-//W3C//DTD XHTML 1.0 Transitional//EN"
    "http://www.w3.org/TR/xhtml1/DTD/xhtml1-transitional.dtd">
<html xmlns="http://www.w3.org/1999/xhtml" xml:lang="en" lang="en">
 <head>
  <title>
</title>
<meta http-equiv="Content-Type" content="text/html;charset=utf-8" />
  <meta name='ocr-system' content='tesseract 3.04.00' />
  <meta name='ocr-capabilities' content='ocr_page ocr_carea ocr_par ocr_line ocrx_word'/>
</head>
<body>
  <div class='ocr_page' id='page_1' title='image "./quibusrationibu00michgoog_0019.png"; bbox 0 0 2942 5100; ppageno 0'>
   <div class='ocr_carea' id='block_1_1' title="bbox 100 528 1374 2091">
    <p class='ocr_par' dir='ltr' id='par_1_1' title="bbox 100 528 1374 2091">
     <span class='ocr_line' id='line_1_1' title="bbox 653 528 791 593; baseline 0 -19"><span class='ocrx_word' id='word_1_1' title='bbox 653 562 692 574; x_wconf 89' lang='lat'><strong>..</strong></span> <span class='ocrx_word' id='word_1_2' title='bbox 712 528 733 593; x_wconf 83' lang='lat'><strong>9</strong></span> <span class='ocrx_word' id='word_1_3' title='bbox 751 562 791 574; x_wconf 83' lang='grc'><strong>-</strong></span> 
     </span>
     <span class='ocr_line' id='line_1_2' title="bbox 100 712 1326 805; baseline -0.002 -21"><span class='ocrx_word' id='word_1_4' title='bbox 100 721 170 785; x_wconf 86' lang='lat' dir='ltr'><strong>tur.</strong></span> <span class='ocrx_word' id='word_1_5' title='bbox 183 716 272 784; x_wconf 90' lang='lat' dir='ltr'><strong>Nam</strong></span> <span class='ocrx_word' id='word_1_6' title='bbox 288 737 365 805; x_wconf 86' lang='lat' dir='ltr'><strong>quae</strong></span> <span class='ocrx_word' id='word_1_7' title='bbox 381 713 540 782; x_wconf 77' lang='lat' dir='ltr'><strong>dieitur«</strong></span> <span class='ocrx_word' id='word_1_8' title='bbox 568 714 674 783; x_wconf 88' lang='lat' dir='ltr'><strong>altera</strong></span> <span class='ocrx_word' id='word_1_9' title='bbox 695 714 800 784; x_wconf 91' lang='lat' dir='ltr'><strong>editio</strong></span> <span class='ocrx_word' id='word_1_10' title='bbox 826 737 857 800; x_wconf 79' lang='lat' dir='ltr'><strong>r,</strong></span> <span class='ocrx_word' id='word_1_11' title='bbox 879 736 971 782; x_wconf 89' lang='lat' dir='ltr'><strong>anno</strong></span> <span class='ocrx_word' id='word_1_12' title='bbox 993 712 1326 782; x_wconf 82' lang='lat' dir='ltr'>MDCGGXXXVIII</span> 
     </span>
     <span class='ocr_line' id='line_1_3' title="bbox 103 873 1325 967; baseline -0.004 -21"><span class='ocrx_word' id='word_1_13' title='bbox 103 876 288 966; x_wconf 77' lang='lat' dir='ltr'><strong>adscripta,</strong></span> <span class='ocrx_word' id='word_1_14' title='bbox 323 896 393 943; x_wconf 93' lang='lat' dir='ltr'><strong>non</strong></span> <span class='ocrx_word' id='word_1_15' title='bbox 432 874 565 944; x_wconf 75' lang='lat' dir='ltr'>aliaest</span> <span class='ocrx_word' id='word_1_16' title='bbox 601 897 641 943; x_wconf 85' lang='lat' dir='ltr'><strong>ao</strong></span> <span class='ocrx_word' id='word_1_17' title='bbox 672 875 780 965; x_wconf 90' lang='lat' dir='ltr'><strong>prior,</strong></span> <span class='ocrx_word' id='word_1_18' title='bbox 816 874 917 965; x_wconf 85' lang='lat' dir='ltr'><strong>eujus</strong></span> <span class='ocrx_word' id='word_1_19' title='bbox 944 873 1065 967; x_wconf 65' lang='lat' dir='ltr'><strong>titulun</strong></span> <span class='ocrx_word' id='word_1_20' title='bbox 1085 878 1239 942; x_wconf 89' lang='lat' dir='ltr'><strong>mutatus</strong></span> <span class='ocrx_word' id='word_1_21' title='bbox 1270 877 1325 942; x_wconf 98' lang='grc' dir='ltr'><strong>θεῖ</strong></span> 
     </span>
     <span class='ocr_line' id='line_1_4' title="bbox 104 1034 1328 1127; baseline -0.002 -23"><span class='ocrx_word' id='word_1_22' title='bbox 104 1035 770 1127; x_wconf 71' lang='lat' dir='ltr'><strong>solustRaymondBooquet,1838).</strong></span> <span class='ocrx_word' id='word_1_23' title='bbox 806 1035 942 1104; x_wconf 82' lang='lat' dir='ltr'><strong>Etenim</strong></span> <span class='ocrx_word' id='word_1_24' title='bbox 969 1057 1040 1104; x_wconf 91' lang='lat' dir='ltr'><strong>non</strong></span> <span class='ocrx_word' id='word_1_25' title='bbox 1060 1035 1174 1104; x_wconf 87' lang='lat' dir='ltr'><strong>solum</strong></span> <span class='ocrx_word' id='word_1_26' title='bbox 1197 1034 1328 1125; x_wconf 86' lang='lat' dir='ltr'><strong>praebet</strong></span> 
     </span>
     <span class='ocr_line' id='line_1_5' title="bbox 103 1194 1323 1280; baseline -0.002 -15"><span class='ocrx_word' id='word_1_27' title='bbox 103 1196 264 1266; x_wconf 87' lang='lat' dir='ltr'><strong>eumdem</strong></span> <span class='ocrx_word' id='word_1_28' title='bbox 298 1199 432 1265; x_wconf 86' lang='lat' dir='ltr'><strong>textum</strong></span> <span class='ocrx_word' id='word_1_29' title='bbox 474 1195 578 1264; x_wconf 89' lang='lat' dir='ltr'><strong>nullis</strong></span> <span class='ocrx_word' id='word_1_30' title='bbox 618 1195 826 1264; x_wconf 85' lang='lat' dir='ltr'><strong>lectionibus</strong></span> <span class='ocrx_word' id='word_1_31' title='bbox 865 1195 1070 1280; x_wconf 87' lang='lat' dir='ltr'><strong>immutatis,</strong></span> <span class='ocrx_word' id='word_1_32' title='bbox 1112 1194 1172 1264; x_wconf 86' lang='lat' dir='ltr'><strong>sed</strong></span> <span class='ocrx_word' id='word_1_33' title='bbox 1218 1194 1323 1264; x_wconf 90' lang='lat' dir='ltr'><strong>etiam</strong></span> 
     </span>
     <span class='ocr_line' id='line_1_6' title="bbox 103 1344 1374 1448; baseline 0.001 -23"><span class='ocrx_word' id='word_1_34' title='bbox 103 1355 233 1426; x_wconf 87' lang='lat' dir='ltr'><strong>eisdem</strong></span> <span class='ocrx_word' id='word_1_35' title='bbox 264 1357 355 1448; x_wconf 86' lang='lat' dir='ltr'><strong>typis</strong></span> <span class='ocrx_word' id='word_1_36' title='bbox 382 1356 552 1447; x_wconf 87' lang='lat' dir='ltr'><strong>impressa</strong></span> <span class='ocrx_word' id='word_1_37' title='bbox 578 1359 630 1425; x_wconf 86' lang='grc' dir='ltr'><strong>θεῖ</strong></span> <span class='ocrx_word' id='word_1_38' title='bbox 666 1361 699 1426; x_wconf 89' lang='lat' dir='ltr'><strong>et</strong></span> <span class='ocrx_word' id='word_1_39' title='bbox 736 1357 855 1426; x_wconf 88' lang='lat' dir='ltr'><strong>eadem</strong></span> <span class='ocrx_word' id='word_1_40' title='bbox 888 1357 1009 1425; x_wconf 80' lang='lat' dir='ltr'><strong>charta</strong></span> <span class='ocrx_word' id='word_1_41' title='bbox 1039 1357 1207 1440; x_wconf 90' lang='lat' dir='ltr'><strong>formata;</strong></span> <span class='ocrx_word' id='word_1_42' title='bbox 1238 1355 1326 1426; x_wconf 91' lang='lat' dir='ltr'><strong>adde</strong></span> <span class='ocrx_word' id='word_1_43' title='bbox 1371 1344 1374 1347; x_wconf 33' lang='lat'><em>¹</em></span> 
     </span>
     <span class='ocr_line' id='line_1_7' title="bbox 103 1517 1326 1612; baseline -0.001 -25"><span class='ocrx_word' id='word_1_44' title='bbox 103 1519 196 1609; x_wconf 91' lang='lat' dir='ltr'><strong>quod</strong></span> <span class='ocrx_word' id='word_1_45' title='bbox 224 1517 299 1586; x_wconf 86' lang='lat' dir='ltr'><strong>baeo</strong></span> <span class='ocrx_word' id='word_1_46' title='bbox 326 1517 444 1612; x_wconf 87' lang='lat' dir='ltr'><strong>editio,</strong></span> <span class='ocrx_word' id='word_1_47' title='bbox 474 1542 489 1586; x_wconf 74' lang='lat' dir='ltr'><strong>a</strong></span> <span class='ocrx_word' id='word_1_48' title='bbox 514 1518 621 1587; x_wconf 87' lang='lat' dir='ltr'><strong>altera</strong></span> <span class='ocrx_word' id='word_1_49' title='bbox 643 1541 658 1586; x_wconf 80' lang='lat' dir='ltr'><strong>r</strong></span> <span class='ocrx_word' id='word_1_50' title='bbox 683 1518 770 1587; x_wconf 86' lang='lat' dir='ltr'><strong>lalso</strong></span> <span class='ocrx_word' id='word_1_51' title='bbox 793 1517 898 1605; x_wconf 88' lang='lat' dir='ltr'><strong>diota,</strong></span> <span class='ocrx_word' id='word_1_52' title='bbox 917 1539 1108 1608; x_wconf 85' lang='lat' dir='ltr'><strong>numquam</strong></span> <span class='ocrx_word' id='word_1_53' title='bbox 1138 1517 1245 1586; x_wconf 88' lang='lat' dir='ltr'><strong>relata</strong></span> <span class='ocrx_word' id='word_1_54' title='bbox 1273 1520 1326 1586; x_wconf 85' lang='lat' dir='ltr'><strong>est</strong></span> 
     </span>
     <span class='ocr_line' id='line_1_8' title="bbox 103 1678 1324 1770; baseline 0 -23"><span class='ocrx_word' id='word_1_55' title='bbox 103 1680 140 1748; x_wconf 93' lang='lat' dir='ltr'><strong>in</strong></span> <span class='ocrx_word' id='word_1_56' title='bbox 188 1678 345 1770; x_wconf 84' lang='lat' dir='ltr'><strong>publicos</strong></span> <span class='ocrx_word' id='word_1_57' title='bbox 395 1679 616 1748; x_wconf 82' lang='lat' dir='ltr'><strong>librariorum</strong></span> <span class='ocrx_word' id='word_1_58' title='bbox 669 1678 882 1748; x_wconf 84' lang='lat' dir='ltr'><strong>Gallicorum</strong></span> <span class='ocrx_word' id='word_1_59' title='bbox 924 1679 1211 1766; x_wconf 80' lang='lat' dir='ltr'><strong>commentarios,</strong></span> <span class='ocrx_word' id='word_1_60' title='bbox 1265 1679 1324 1768; x_wconf 91' lang='lat' dir='ltr'><strong>qui</strong></span> 
     </span>
     <span class='ocr_line' id='line_1_9' title="bbox 100 1838 1326 1930; baseline -0.002 -22"><span class='ocrx_word' id='word_1_61' title='bbox 100 1842 389 1928; x_wconf 70' lang='lat' dir='ltr'><strong>Bibltoyrapbie</strong></span> <span class='ocrx_word' id='word_1_62' title='bbox 422 1842 466 1908; x_wconf 85' lang='lat' dir='ltr'><strong>de</strong></span> <span class='ocrx_word' id='word_1_63' title='bbox 502 1844 540 1909; x_wconf 86' lang='lat' dir='ltr'><strong>lo</strong></span> <span class='ocrx_word' id='word_1_64' title='bbox 570 1843 719 1910; x_wconf 77' lang='lat' dir='ltr'><strong>Fruere</strong></span> <span class='ocrx_word' id='word_1_65' title='bbox 759 1839 1010 1909; x_wconf 78' lang='lat' dir='ltr'><strong>inscribuntur.</strong></span> <span class='ocrx_word' id='word_1_66' title='bbox 1051 1838 1151 1910; x_wconf 87' lang='lat' dir='ltr'><strong>Unde</strong></span> <span class='ocrx_word' id='word_1_67' title='bbox 1184 1841 1326 1930; x_wconf 88' lang='lat' dir='ltr'><strong>apparet</strong></span> 
     </span>
     <span class='ocr_line' id='line_1_10' title="bbox 101 1998 1323 2091; baseline 0.002 -25"><span class='ocrx_word' id='word_1_68' title='bbox 101 1998 139 2067; x_wconf 95' lang='lat' dir='ltr'><strong>in</strong></span> <span class='ocrx_word' id='word_1_69' title='bbox 171 1999 237 2069; x_wconf 89' lang='lat' dir='ltr'><strong>hao</strong></span> <span class='ocrx_word' id='word_1_70' title='bbox 269 1999 431 2084; x_wconf 82' lang='lat' dir='ltr'><strong>editione,</strong></span> <span class='ocrx_word' id='word_1_71' title='bbox 453 2023 530 2090; x_wconf 83' lang='lat' dir='ltr'><strong>quae</strong></span> <span class='ocrx_word' id='word_1_72' title='bbox 563 2000 702 2090; x_wconf 89' lang='lat' dir='ltr'><strong>quidem</strong></span> <span class='ocrx_word' id='word_1_73' title='bbox 729 2001 857 2070; x_wconf 82' lang='lat' dir='ltr'><strong>exstitit</strong></span> <span class='ocrx_word' id='word_1_74' title='bbox 882 2000 997 2084; x_wconf 82' lang='lat' dir='ltr'><strong>unica,</strong></span> <span class='ocrx_word' id='word_1_75' title='bbox 1028 2022 1241 2091; x_wconf 88' lang='lat' dir='ltr'><strong>quamquam</strong></span> <span class='ocrx_word' id='word_1_76' title='bbox 1264 2004 1323 2069; x_wconf 88' lang='lat' dir='ltr'><strong>aut</strong></span> 
     </span>
    </p>
   </div>
   <div class='ocr_carea' id='block_1_2' title="bbox 101 2160 1320 2254">
    <p class='ocr_par' dir='ltr' id='par_1_2' title="bbox 101 2160 1320 2254">
     <span class='ocr_line' id='line_1_11' title="bbox 101 2160 1320 2254; baseline -0.001 -24"><span class='ocrx_word' id='word_1_77' title='bbox 101 2161 197 2252; x_wconf 87' lang='lat' dir='ltr'><strong>prior</strong></span> <span class='ocrx_word' id='word_1_78' title='bbox 216 2165 275 2231; x_wconf 88' lang='lat' dir='ltr'><strong>aut</strong></span> <span class='ocrx_word' id='word_1_79' title='bbox 285 2160 392 2231; x_wconf 86' lang='lat' dir='ltr'><strong>altera</strong></span> <span class='ocrx_word' id='word_1_80' title='bbox 407 2186 427 2230; x_wconf 88' lang='lat' dir='ltr'><strong>a</strong></span> <span class='ocrx_word' id='word_1_81' title='bbox 444 2163 618 2254; x_wconf 86' lang='lat' dir='ltr'><strong>plerisque</strong></span> <span class='ocrx_word' id='word_1_82' title='bbox 632 2163 791 2250; x_wconf 87' lang='lat' dir='ltr'><strong>babetur,</strong></span> <span class='ocrx_word' id='word_1_83' title='bbox 803 2161 947 2232; x_wconf 79' lang='lat' dir='ltr'><strong>unicum</strong></span> <span class='ocrx_word' id='word_1_84' title='bbox 964 2166 997 2230; x_wconf 87' lang='lat' dir='ltr'><strong>et</strong></span> <span class='ocrx_word' id='word_1_85' title='bbox 1015 2161 1175 2230; x_wconf 87' lang='lat' dir='ltr'><strong>eumdem</strong></span> <span class='ocrx_word' id='word_1_86' title='bbox 1189 2165 1320 2231; x_wconf 85' lang='lat' dir='ltr'><strong>textum</strong></span> 
     </span>
    </p>
   </div>
   <div class='ocr_carea' id='block_1_3' title="bbox 99 2329 1342 3389">
    <p class='ocr_par' dir='ltr' id='par_1_3' title="bbox 99 2329 699 2423">
     <span class='ocr_line' id='line_1_12' title="bbox 99 2329 699 2423; baseline 0.003 -25"><span class='ocrx_word' id='word_1_87' title='bbox 99 2329 168 2422; x_wconf 84' lang='lat' dir='ltr'><strong>legi</strong></span> <span class='ocrx_word' id='word_1_88' title='bbox 184 2352 297 2421; x_wconf 83' lang='lat' dir='ltr'><strong>posse,</strong></span> <span class='ocrx_word' id='word_1_89' title='bbox 316 2331 376 2421; x_wconf 92' lang='lat' dir='ltr'><strong>qui</strong></span> <span class='ocrx_word' id='word_1_90' title='bbox 397 2335 449 2402; x_wconf 87' lang='lat' dir='ltr'><strong>est</strong></span> <span class='ocrx_word' id='word_1_91' title='bbox 463 2331 548 2401; x_wconf 87' lang='lat' dir='ltr'><strong>alter</strong></span> <span class='ocrx_word' id='word_1_92' title='bbox 568 2334 640 2423; x_wconf 86' lang='lat' dir='ltr'><strong>(l):</strong></span> <span class='ocrx_word' id='word_1_93' title='bbox 663 2332 699 2402; x_wconf 89' lang='lat' dir='ltr'><strong>S.</strong></span> 
     </span>
    </p>

    <p class='ocr_par' dir='ltr' id='par_1_4' title="bbox 100 2492 1342 3389">
     <span class='ocr_line' id='line_1_13' title="bbox 145 2492 1324 2584; baseline 0.002 -23"><span class='ocrx_word' id='word_1_94' title='bbox 145 2493 265 2561; x_wconf 81' lang='lat' dir='ltr'>Exstat</span> <span class='ocrx_word' id='word_1_95' title='bbox 286 2496 402 2563; x_wconf 87' lang='lat' dir='ltr'><strong>tamen</strong></span> <span class='ocrx_word' id='word_1_96' title='bbox 427 2493 544 2582; x_wconf 89' lang='lat' dir='ltr'><strong>editio,</strong></span> <span class='ocrx_word' id='word_1_97' title='bbox 559 2497 592 2563; x_wconf 92' lang='grc' dir='ltr'><strong>θῖ</strong></span> <span class='ocrx_word' id='word_1_98' title='bbox 613 2515 693 2563; x_wconf 88' lang='lat' dir='ltr'><strong>vero</strong></span> <span class='ocrx_word' id='word_1_99' title='bbox 718 2492 824 2563; x_wconf 86' lang='lat' dir='ltr'><strong>altera</strong></span> <span class='ocrx_word' id='word_1_100' title='bbox 846 2493 920 2562; x_wconf 82' lang='lat' dir='ltr'><strong>haee</strong></span> <span class='ocrx_word' id='word_1_101' title='bbox 935 2493 1088 2583; x_wconf 90' lang='lat' dir='ltr'><strong>quidem,</strong></span> <span class='ocrx_word' id='word_1_102' title='bbox 1113 2516 1190 2584; x_wconf 84' lang='lat' dir='ltr'><strong>quae</strong></span> <span class='ocrx_word' id='word_1_103' title='bbox 1209 2493 1324 2563; x_wconf 84' lang='lat' dir='ltr'><strong>solum</strong></span> 
     </span>
     <span class='ocr_line' id='line_1_14' title="bbox 101 2654 1319 2746; baseline 0.001 -24"><span class='ocrx_word' id='word_1_104' title='bbox 101 2677 193 2723; x_wconf 88' lang='lat' dir='ltr'><strong>anno</strong></span> <span class='ocrx_word' id='word_1_105' title='bbox 221 2654 485 2724; x_wconf 82' lang='lat' dir='ltr'>MDCCCXLIII</span> <span class='ocrx_word' id='word_1_106' title='bbox 527 2655 568 2724; x_wconf 86' lang='lat' dir='ltr'><strong>ab</strong></span> <span class='ocrx_word' id='word_1_107' title='bbox 604 2660 745 2725; x_wconf 85' lang='lat' dir='ltr'><strong>auotore</strong></span> <span class='ocrx_word' id='word_1_108' title='bbox 773 2655 848 2746; x_wconf 87' lang='lat' dir='ltr'><strong>ipso</strong></span> <span class='ocrx_word' id='word_1_109' title='bbox 881 2659 1067 2745; x_wconf 82' lang='lat' dir='ltr'><strong>procurata</strong></span> <span class='ocrx_word' id='word_1_110' title='bbox 1095 2658 1148 2723; x_wconf 85' lang='grc' dir='ltr'><strong>θεῖ</strong></span> <span class='ocrx_word' id='word_1_111' title='bbox 1179 2657 1212 2743; x_wconf 86' lang='grc'><strong>(1</strong></span> <span class='ocrx_word' id='word_1_112' title='bbox 1248 2657 1319 2724; x_wconf 84' lang='lat' dir='ltr'><strong>vol.</strong></span> 
     </span>
     <span class='ocr_line' id='line_1_15' title="bbox 101 2814 1342 2907; baseline -0.001 -22"><span class='ocrx_word' id='word_1_113' title='bbox 101 2820 215 2899; x_wconf 78' lang='lat' dir='ltr'><strong>tro-12,</strong></span> <span class='ocrx_word' id='word_1_114' title='bbox 253 2819 321 2886; x_wconf 82' lang='grc'><strong>499</strong></span> <span class='ocrx_word' id='word_1_115' title='bbox 352 2836 418 2903; x_wconf 75' lang='lat' dir='ltr'><strong>pp.</strong></span> <span class='ocrx_word' id='word_1_116' title='bbox 462 2816 741 2907; x_wconf 77' lang='lat' dir='ltr'><strong>Obarpeutier).</strong></span> <span class='ocrx_word' id='word_1_117' title='bbox 777 2816 975 2884; x_wconf 84' lang='lat' dir='ltr'><strong>Praefationi</strong></span> <span class='ocrx_word' id='word_1_118' title='bbox 1010 2839 1101 2885; x_wconf 89' lang='lat' dir='ltr'><strong>anno</strong></span> <span class='ocrx_word' id='word_1_119' title='bbox 1138 2814 1342 2904; x_wconf 89' lang='lat' dir='ltr'><strong>millesimo</strong></span> 
     </span>
     <span class='ocr_line' id='line_1_16' title="bbox 101 2976 1326 3068; baseline -0.002 -21"><span class='ocrx_word' id='word_1_120' title='bbox 101 2977 387 3068; x_wconf 81' lang='lat' dir='ltr'><strong>octingentesimo</strong></span> <span class='ocrx_word' id='word_1_121' title='bbox 411 2976 575 3046; x_wconf 81' lang='lat' dir='ltr'><strong>vicesimo</strong></span> <span class='ocrx_word' id='word_1_122' title='bbox 604 2982 726 3046; x_wconf 85' lang='lat' dir='ltr'><strong>ootavo</strong></span> <span class='ocrx_word' id='word_1_123' title='bbox 756 2976 905 3067; x_wconf 76' lang='lat' dir='ltr'><strong>scriptae,</strong></span> <span class='ocrx_word' id='word_1_124' title='bbox 926 2979 1199 3047; x_wconf 75' lang='lat' dir='ltr'><strong>Salute-Beuoe</strong></span> <span class='ocrx_word' id='word_1_125' title='bbox 1234 2998 1326 3068; x_wconf 84' lang='lat' dir='ltr'><strong>prae-</strong></span> 
     </span>
     <span class='ocr_line' id='line_1_17' title="bbox 100 3120 1325 3237; baseline 0 -32"><span class='ocrx_word' id='word_1_126' title='bbox 100 3120 313 3237; x_wconf 75' lang='lat' dir='ltr'><strong>locutionem</strong></span> <span class='ocrx_word' id='word_1_127' title='bbox 353 3137 457 3206; x_wconf 91' lang='lat' dir='ltr'><strong>etiam</strong></span> <span class='ocrx_word' id='word_1_128' title='bbox 498 3137 820 3229; x_wconf 76' lang='lat' dir='ltr'><strong>(Avertirsemeut)</strong></span> <span class='ocrx_word' id='word_1_129' title='bbox 858 3138 1035 3228; x_wconf 87' lang='lat' dir='ltr'><strong>praemisit.</strong></span> <span class='ocrx_word' id='word_1_130' title='bbox 1083 3138 1126 3206; x_wconf 86' lang='lat' dir='ltr'><strong>Et</strong></span> <span class='ocrx_word' id='word_1_131' title='bbox 1181 3137 1325 3228; x_wconf 85' lang='lat' dir='ltr'><strong>insuper</strong></span> 
     </span>
     <span class='ocr_line' id='line_1_18' title="bbox 101 3297 1320 3389; baseline 0 -22"><span class='ocrx_word' id='word_1_132' title='bbox 101 3297 227 3389; x_wconf 83' lang='lat' dir='ltr'><strong>adjecit</strong></span> <span class='ocrx_word' id='word_1_133' title='bbox 270 3298 464 3388; x_wconf 84' lang='lat' dir='ltr'><strong>fragmenta</strong></span> <span class='ocrx_word' id='word_1_134' title='bbox 518 3297 648 3387; x_wconf 77' lang='lat' dir='ltr'><strong>aliquot</strong></span> <span class='ocrx_word' id='word_1_135' title='bbox 698 3320 716 3365; x_wconf 94' lang='grc' dir='ltr'>θ</span> <span class='ocrx_word' id='word_1_136' title='bbox 761 3297 939 3366; x_wconf 84' lang='lat' dir='ltr'><strong>volumine</strong></span> <span class='ocrx_word' id='word_1_137' title='bbox 991 3297 1110 3366; x_wconf 90' lang='lat' dir='ltr'><strong>altero·</strong></span> <span class='ocrx_word' id='word_1_138' title='bbox 1145 3297 1320 3388; x_wconf 79' lang='lat' dir='ltr'><strong>(OEnorer</strong></span> 
     </span>
    </p>
   </div>
   <div class='ocr_carea' id='block_1_4' title="bbox 101 3458 1322 3548">
    <p class='ocr_par' dir='ltr' id='par_1_5' title="bbox 101 3458 1322 3548">
     <span class='ocr_line' id='line_1_19' title="bbox 101 3458 1322 3548; baseline -0.004 -18"><span class='ocrx_word' id='word_1_139' title='bbox 101 3462 254 3530; x_wconf 79' lang='lat' dir='ltr'><strong>obotrter</strong></span> <span class='ocrx_word' id='word_1_140' title='bbox 293 3461 338 3529; x_wconf 80' lang='lat' dir='ltr'><strong>cte</strong></span> <span class='ocrx_word' id='word_1_141' title='bbox 370 3463 508 3529; x_wconf 80' lang='lat' dir='ltr'><strong>Pterre</strong></span> <span class='ocrx_word' id='word_1_142' title='bbox 540 3462 585 3528; x_wconf 84' lang='lat' dir='ltr'><strong>de</strong></span> <span class='ocrx_word' id='word_1_143' title='bbox 629 3458 818 3547; x_wconf 66' lang='lat' dir='ltr'><strong>Romami)</strong></span> <span class='ocrx_word' id='word_1_144' title='bbox 861 3462 1032 3548; x_wconf 80' lang='lat' dir='ltr'><strong>excerpta,</strong></span> <span class='ocrx_word' id='word_1_145' title='bbox 1070 3478 1206 3527; x_wconf 82' lang='lat' dir='ltr'><strong>noanon</strong></span> <span class='ocrx_word' id='word_1_146' title='bbox 1244 3464 1322 3527; x_wconf 81' lang='lat' dir='ltr'><strong>orto</strong></span> 
     </span>
    </p>
   </div>
   <div class='ocr_carea' id='block_1_5' title="bbox 100 3600 1320 3710">
    <p class='ocr_par' dir='ltr' id='par_1_6' title="bbox 100 3600 1320 3710">
     <span class='ocr_line' id='line_1_20' title="bbox 100 3600 1320 3710; baseline -0.001 -22"><span class='ocrx_word' id='word_1_147' title='bbox 100 3619 357 3689; x_wconf 84' lang='lat' dir='ltr'><strong>dissertationes</strong></span> <span class='ocrx_word' id='word_1_148' title='bbox 412 3619 454 3688; x_wconf 89' lang='lat' dir='ltr'><strong>de</strong></span> <span class='ocrx_word' id='word_1_149' title='bbox 497 3600 610 3710; x_wconf 86' lang='lat' dir='ltr'><strong>poetis</strong></span> <span class='ocrx_word' id='word_1_150' title='bbox 662 3621 721 3687; x_wconf 89' lang='lat' dir='ltr'><strong>aut</strong></span> <span class='ocrx_word' id='word_1_151' title='bbox 767 3618 869 3687; x_wconf 89' lang='lat' dir='ltr'><strong>rebus</strong></span> <span class='ocrx_word' id='word_1_152' title='bbox 907 3619 993 3686; x_wconf 85' lang='lat' dir='ltr'><strong>sexti</strong></span> <span class='ocrx_word' id='word_1_153' title='bbox 1040 3617 1164 3687; x_wconf 80' lang='lat' dir='ltr'><strong>decimi</strong></span> <span class='ocrx_word' id='word_1_154' title='bbox 1211 3619 1320 3687; x_wconf 86' lang='lat' dir='ltr'><strong>seouli</strong></span> 
     </span>
    </p>
   </div>
   <div class='ocr_carea' id='block_1_6' title="bbox 100 3779 1324 4191">
    <p class='ocr_par' dir='ltr' id='par_1_7' title="bbox 100 3779 1324 4191">
     <span class='ocr_line' id='line_1_21' title="bbox 101 3779 1318 3870; baseline 0.002 -22"><span class='ocrx_word' id='word_1_155' title='bbox 101 3781 298 3870; x_wconf 87' lang='lat' dir='ltr'><strong>nuperrime</strong></span> <span class='ocrx_word' id='word_1_156' title='bbox 347 3804 368 3848; x_wconf 85' lang='lat' dir='ltr'><strong>a</strong></span> <span class='ocrx_word' id='word_1_157' title='bbox 419 3803 454 3849; x_wconf 86' lang='lat' dir='ltr'><strong>se</strong></span> <span class='ocrx_word' id='word_1_158' title='bbox 492 3780 637 3870; x_wconf 83' lang='lat' dir='ltr'><strong>scriptas</strong></span> <span class='ocrx_word' id='word_1_159' title='bbox 679 3780 896 3870; x_wconf 77' lang='lat' dir='ltr'><strong>(Mutburtn</strong></span> <span class='ocrx_word' id='word_1_160' title='bbox 922 3779 1089 3868; x_wconf 68' lang='lat' dir='ltr'><strong>Requier</strong></span> <span class='ocrx_word' id='word_1_161' title='bbox 1119 3786 1155 3850; x_wconf 83' lang='lat' dir='ltr'><strong>et</strong></span> <span class='ocrx_word' id='word_1_162' title='bbox 1187 3782 1318 3851; x_wconf 70' lang='lat' dir='ltr'><strong>Andre</strong></span> 
     </span>
     <span class='ocr_line' id='line_1_22' title="bbox 101 3942 1324 4029; baseline -0.002 -18"><span class='ocrx_word' id='word_1_163' title='bbox 101 3942 277 4029; x_wconf 69' lang='lat' dir='ltr'><strong>Obenier,</strong></span> <span class='ocrx_word' id='word_1_164' title='bbox 308 3944 479 4012; x_wconf 77' lang='lat' dir='ltr'><strong>Joacotm</strong></span> <span class='ocrx_word' id='word_1_165' title='bbox 511 3942 563 4011; x_wconf 83' lang='lat' dir='ltr'><strong>du</strong></span> <span class='ocrx_word' id='word_1_166' title='bbox 598 3944 744 4029; x_wconf 76' lang='lat' dir='ltr'><strong>Bettny,</strong></span> <span class='ocrx_word' id='word_1_167' title='bbox 777 3945 872 4010; x_wconf 77' lang='lat' dir='ltr'><strong>Jeau</strong></span> <span class='ocrx_word' id='word_1_168' title='bbox 912 3944 1085 4026; x_wconf 76' lang='lat' dir='ltr'><strong>Bertout,</strong></span> <span class='ocrx_word' id='word_1_169' title='bbox 1134 3943 1186 4010; x_wconf 83' lang='lat' dir='ltr'><strong>du</strong></span> <span class='ocrx_word' id='word_1_170' title='bbox 1226 3945 1324 4012; x_wconf 82' lang='lat' dir='ltr'><strong>Bar-</strong></span> 
     </span>
     <span class='ocr_line' id='line_1_23' title="bbox 100 4101 1322 4191; baseline 0.002 -17"><span class='ocrx_word' id='word_1_171' title='bbox 100 4110 168 4191; x_wconf 72' lang='grc' dir='ltr'><strong>ῖαθ,</strong></span> <span class='ocrx_word' id='word_1_172' title='bbox 197 4106 376 4189; x_wconf 72' lang='lat' dir='ltr'><strong>Philippe</strong></span> <span class='ocrx_word' id='word_1_173' title='bbox 417 4106 625 4189; x_wconf 68' lang='lat' dir='ltr'><strong>Bosporus,</strong></span> <span class='ocrx_word' id='word_1_174' title='bbox 661 4101 861 4173; x_wconf 70' lang='lat' dir='ltr'><strong>Anacreon</strong></span> <span class='ocrx_word' id='word_1_175' title='bbox 898 4124 949 4172; x_wconf 81' lang='lat' dir='ltr'><strong>au</strong></span> <span class='ocrx_word' id='word_1_176' title='bbox 980 4107 1077 4173; x_wconf 82' lang='lat' dir='ltr'><strong>XVIe</strong></span> <span class='ocrx_word' id='word_1_177' title='bbox 1117 4107 1239 4191; x_wconf 73' lang='lat' dir='ltr'><strong>rieule,</strong></span> <span class='ocrx_word' id='word_1_178' title='bbox 1270 4108 1322 4176; x_wconf 84' lang='lat' dir='ltr'><strong>De</strong></span> 
     </span>
    </p>
   </div>
   <div class='ocr_carea' id='block_1_7' title="bbox 99 4267 1317 4353">
    <p class='ocr_par' dir='ltr' id='par_1_8' title="bbox 99 4267 1317 4353">
     <span class='ocr_line' id='line_1_24' title="bbox 99 4267 1317 4353; baseline 0.001 -18"><span class='ocrx_word' id='word_1_179' title='bbox 99 4267 245 4353; x_wconf 77' lang='lat' dir='ltr'><strong>t’erprtt</strong></span> <span class='ocrx_word' id='word_1_180' title='bbox 283 4268 328 4335; x_wconf 83' lang='lat' dir='ltr'><strong>de</strong></span> <span class='ocrx_word' id='word_1_181' title='bbox 372 4267 509 4335; x_wconf 75' lang='lat' dir='ltr'><strong>mattae</strong></span> <span class='ocrx_word' id='word_1_182' title='bbox 537 4285 588 4334; x_wconf 82' lang='lat' dir='ltr'><strong>au</strong></span> <span class='ocrx_word' id='word_1_183' title='bbox 634 4268 704 4333; x_wconf 76' lang='lat' dir='ltr'><strong>tou</strong></span> <span class='ocrx_word' id='word_1_184' title='bbox 751 4268 867 4333; x_wconf 72' lang='lat' dir='ltr'><strong>vienne</strong></span> <span class='ocrx_word' id='word_1_185' title='bbox 904 4270 1033 4353; x_wconf 75' lang='lat' dir='ltr'><strong>tempo,</strong></span> <span class='ocrx_word' id='word_1_186' title='bbox 1084 4268 1242 4336; x_wconf 83' lang='lat' dir='ltr'><strong>Gtottlde</strong></span> <span class='ocrx_word' id='word_1_187' title='bbox 1274 4269 1317 4336; x_wconf 84' lang='lat' dir='ltr'><strong>de</strong></span> 
     </span>
    </p>
   </div>
   <div class='ocr_carea' id='block_1_8' title="bbox 93 4588 1339 4833">
    <p class='ocr_par' dir='ltr' id='par_1_9' title="bbox 93 4588 1339 4833">
     <span class='ocr_line' id='line_1_25' title="bbox 143 4588 1339 4653; baseline 0.002 -16"><span class='ocrx_word' id='word_1_188' title='bbox 143 4588 176 4651; x_wconf 78' lang='grc'><strong>(1)</strong></span> <span class='ocrx_word' id='word_1_189' title='bbox 195 4588 262 4647; x_wconf 84' lang='lat' dir='ltr'><strong>Quod</strong></span> <span class='ocrx_word' id='word_1_190' title='bbox 276 4595 358 4651; x_wconf 81' lang='lat' dir='ltr'><strong>restat,</strong></span> <span class='ocrx_word' id='word_1_191' title='bbox 370 4588 466 4639; x_wconf 77' lang='lat' dir='ltr'><strong>silentio</strong></span> <span class='ocrx_word' id='word_1_192' title='bbox 482 4590 636 4653; x_wconf 70' lang='lat' dir='ltr'><strong>praetermitto</strong></span> <span class='ocrx_word' id='word_1_193' title='bbox 651 4588 761 4639; x_wconf 80' lang='lat' dir='ltr'><strong>volumen</strong></span> <span class='ocrx_word' id='word_1_194' title='bbox 777 4588 885 4652; x_wconf 80' lang='lat' dir='ltr'><strong>altorum,</strong></span> <span class='ocrx_word' id='word_1_195' title='bbox 900 4603 955 4639; x_wconf 85' lang='lat' dir='ltr'><strong>oum</strong></span> <span class='ocrx_word' id='word_1_196' title='bbox 971 4597 994 4639; x_wconf 82' lang='lat' dir='ltr'><strong>et</strong></span> <span class='ocrx_word' id='word_1_197' title='bbox 1009 4588 1122 4652; x_wconf 80' lang='lat' dir='ltr'><strong>operibus</strong></span> <span class='ocrx_word' id='word_1_198' title='bbox 1137 4589 1235 4638; x_wconf 75' lang='lat' dir='ltr'><strong>solertia</strong></span> <span class='ocrx_word' id='word_1_199' title='bbox 1246 4598 1322 4652; x_wconf 81' lang='lat' dir='ltr'><strong>poetae</strong></span> <span class='ocrx_word' id='word_1_200' title='bbox 1335 4610 1339 4616; x_wconf 39' lang='lat' dir='ltr'>v</span> 
     </span>
     <span class='ocr_line' id='line_1_26' title="bbox 93 4677 1324 4741; baseline -0.001 -14"><span class='ocrx_word' id='word_1_201' title='bbox 93 4679 205 4729; x_wconf 77' lang='lat' dir='ltr'><strong>Roueran</strong></span> <span class='ocrx_word' id='word_1_202' title='bbox 219 4685 293 4728; x_wconf 83' lang='lat' dir='ltr'><strong>totum</strong></span> <span class='ocrx_word' id='word_1_203' title='bbox 306 4678 433 4736; x_wconf 82' lang='lat' dir='ltr'><strong>tribuatur,</strong></span> <span class='ocrx_word' id='word_1_204' title='bbox 449 4684 473 4727; x_wconf 82' lang='lat' dir='ltr'><strong>et</strong></span> <span class='ocrx_word' id='word_1_205' title='bbox 486 4691 500 4726; x_wconf 83' lang='lat' dir='ltr'><strong>a</strong></span> <span class='ocrx_word' id='word_1_206' title='bbox 512 4677 596 4728; x_wconf 82' lang='lat' dir='ltr'><strong>critico</strong></span> <span class='ocrx_word' id='word_1_207' title='bbox 610 4678 715 4741; x_wconf 78' lang='lat' dir='ltr'><strong>Morino,</strong></span> <span class='ocrx_word' id='word_1_208' title='bbox 731 4677 794 4729; x_wconf 80' lang='lat' dir='ltr'><strong>notia</strong></span> <span class='ocrx_word' id='word_1_209' title='bbox 804 4678 890 4728; x_wconf 81' lang='lat' dir='ltr'><strong>additis</strong></span> <span class='ocrx_word' id='word_1_210' title='bbox 897 4677 1084 4740; x_wconf 75' lang='lat' dir='ltr'><strong>lectionibusque</strong></span> <span class='ocrx_word' id='word_1_211' title='bbox 1098 4677 1171 4726; x_wconf 73' lang='lat' dir='ltr'><strong>rarii·</strong></span> <span class='ocrx_word' id='word_1_212' title='bbox 1185 4677 1324 4737; x_wconf 68' lang='lat' dir='ltr'><strong>recognitis,</strong></span> 
     </span>
     <span class='ocr_line' id='line_1_27' title="bbox 94 4766 605 4833; baseline 0 -17"><span class='ocrx_word' id='word_1_213' title='bbox 94 4766 163 4833; x_wconf 83' lang='lat' dir='ltr'><strong>apud</strong></span> <span class='ocrx_word' id='word_1_214' title='bbox 181 4766 335 4831; x_wconf 78' lang='lat' dir='ltr'><strong>bibliopolam</strong></span> <span class='ocrx_word' id='word_1_215' title='bbox 349 4766 453 4819; x_wconf 77' lang='lat' dir='ltr'><strong>Gaurum</strong></span> <span class='ocrx_word' id='word_1_216' title='bbox 465 4766 553 4817; x_wconf 78' lang='lat' dir='ltr'><strong>editum</strong></span> <span class='ocrx_word' id='word_1_217' title='bbox 567 4767 605 4817; x_wconf 80' lang='lat' dir='ltr'><strong>sit.</strong></span> 
     </span>
    </p>
   </div>
   <div class='ocr_carea' id='block_1_9' title="bbox 0 0 1477 5100">
    <p class='ocr_par' dir='ltr' id='par_1_10' title="bbox 0 0 1477 5100">
     <span class='ocr_line' id='line_1_28' title="bbox 0 0 1477 5100; baseline 0 0"><span class='ocrx_word' id='word_1_218' title='bbox 0 0 1477 5100; x_wconf 95' lang='lat' dir='ltr'><strong> </strong></span> 
     </span>
    </p>
   </div>
  </div>
 </body>
</html>
