2942 5100
688 461 848 525 ..81-

203 645 292 716 Cum
319 667 441 714 versus
479 643 658 715 liberiores
699 668 787 737 quos
827 646 1014 738 scripserat
1060 647 1113 715 du
1158 644 1293 732 Bettay
1327 643 1383 712 his

150 806 272 876 vorbis
299 805 583 899 praedicavisset:

308 1109 368 1166 Cet
403 1109 590 1166 alexandrin
608 1115 657 1167 cst
678 1108 708 1166 le
731 1111 832 1167 mame
851 1125 913 1184 que
937 1109 970 1166 la
995 1110 1090 1183 jaune
1117 1108 1202 1166 eccla
1225 1106 1265 1164 de
1278 1106 1385 1180 poesie

67 1267 70 1273 ,
152 1233 345 1292 affectionnc
358 1242 390 1292 et
414 1234 526 1292 cultive
551 1241 583 1291 et
596 1250 658 1309 qna
685 1240 755 1292 tout
778 1235 967 1292 recomment
980 1234 1089 1291 Victor
1116 1233 1206 1308 Hugo
1229 1249 1289 1306 par
1325 1248 1384 1288 son

149 1379 166 1412 c
183 1358 395 1428 Cromwell»‚
418 1358 515 1418 Emito
528 1359 725 1434 Deschamps
747 1367 778 1416 et
801 1359 910 1417 Altred
933 1359 1076 1434 Devigny
1100 1376 1159 1433 par
1175 1359 1244 1416 leur
1261 1356 1387 1415 traduc·

149 1483 226 1541 tion
240 1501 279 1542 en
288 1499 360 1542 vers
372 1485 412 1543 da
432 1484 578 1542 «nomen
592 1492 624 1542 et
636 1484 762 1543 Julictte
778 1504 792 1538 »
806 1491 861 1543 ont
872 1485 1060 1543 reintroduit
1077 1483 1158 1542 dans
1172 1484 1201 1542 le
1220 1483 1302 1557 style
1314 1482 1386 1540 dra·

150 1611 300 1686 motique
310 1613 352 1685 (1)
365 1631 374 1683 ;

154 1844 258 1892 nnnc
291 1826 326 1892 ct
353 1823 560 1893 sententiam
588 1828 622 1894 et
650 1847 753 1894 voces
782 1825 819 1892 in
843 1823 939 1893 hunc
972 1823 1115 1893 modum
1144 1826 1284 1893 mutat:

283 1989 337 2040 ont
365 1983 428 2042 cire
450 1985 470 2042 ὰ
492 1984 703 2042 reintrodm'rc
729 1983 810 2041 dans
837 1983 866 2042 la
894 1984 974 2058 style
997 1983 1206 2058 dramatiqua.

205 2134 343 2218 Quibus
366 2158 448 2239 non
476 2139 674 2222 contentus,
716 2134 939 2205 adnotatione
972 2135 1121 2226 quadam
1155 2133 1298 2205 addidit.

212 2365 250 2424 Je
275 2365 453 2438 mindens,
481 2383 600 2424 comme
628 2383 668 2424 on
681 2367 760 2437 voit,
773 2366 806 2424 la
827 2375 915 2425 traca
934 2367 993 2424 des
1015 2382 1205 2440 promesses‚
1220 2366 1261 2425 dc
1292 2365 1386 2422 celles

154 2493 261 2548 meme
284 2492 340 2567 qui
356 2492 442 2550 n'ont
466 2507 527 2566 pas
551 2492 726 2568 egalcmem
744 2500 829 2551 tenu.
855 2491 905 2553 Un
933 2500 996 2551 tort
1021 2491 1079 2552 des
1099 2494 1214 2566 ‘poetes
1231 2491 1275 2550 du
1292 2491 1389 2551 Cena·

159 2617 221 2689 clc,
236 2624 294 2675 etc.
306 2617 364 2691 (a).
384 2638 399 2671 s

217 2826 332 2916 Atque
367 2824 559 2894 notandum
598 2824 685 2893 mihi
716 2824 854 2895 videtur
895 2824 962 2894 hac
1006 2824 1228 2895 adnotatione
1264 2847 1387 2916 parum
1423 2883 1426 2892 .

159 3006 245 3054 vere
276 2984 466 3075 significari
499 2986 669 3075 quantum
697 2984 763 3053 sibi
791 2984 857 3076 ipsi
890 2984 1137 3055 contradixerit
1166 3008 1173 3054 :
1201 2985 1274 3077 qui,
1295 3008 1387 3055 anno

159 3142 350 3214 millesimo
411 3143 697 3237 octingentesimo
752 3143 917 3213 vicesimo
968 3147 1112 3230 octavo,
1160 3166 1232 3212 non
1281 3145 1387 3214 verbo

95 3354 100 3358 -
162 3328 180 3373 a
225 3306 397 3397 promissa
446 3328 461 3373 r
501 3328 587 3375 usus
634 3305 691 3392 sit,
721 3304 781 3373 sed
820 3325 878 3374 ore
921 3304 1107 3396 magnifico
1144 3309 1178 3374 at
1217 3305 1390 3375 renidenti

161 3463 348 3533 victoriam
376 3464 414 3533 in
442 3466 648 3556 perpetuum
665 3464 716 3555 (ut
743 3463 866 3533 saltam
893 3465 1066 3555 sperabat)
1081 3468 1214 3556 partam
1238 3464 1389 3534 declara-

159 3624 264 3695 verit.

198 3751 256 3853 'Et
294 3806 399 3876 quam
436 3783 557 3866 multa,
593 3782 726 3875 reliquo
769 3784 806 3852 in
845 3806 960 3875 opere,
999 3789 1060 3855 aut
1092 3786 1282 3855 attenuavit
1330 3789 1391 3855 aut

166 3943 244 4035 ipse
272 3943 432 4014 refellit!
468 3943 678 4015 Omittamus
711 3944 815 4013 etiam
852 3947 948 4034 (oum
988 3943 1120 4013 ultimis
1149 3945 1390 4014 tantummodo

166 4104 249 4173 vitae
282 4127 354 4175 suae
383 4105 484 4173 annis
510 4104 553 4174 ad
579 4104 613 4174 id
646 4126 850 4197 progressus
885 4104 943 4192 sit)
971 4103 1015 4171 ab
1048 4126 1088 4173 eo
1126 4107 1262 4195 poetam
1294 4108 1392 4176 Rora-

165 4267 259 4335 oard
288 4264 486 4336 incusatum
515 4265 709 4357 essequod
746 4264 855 4334 invita
882 4264 1039 4333 Minerva
1064 4263 1285 4356 scripsisset:

229 4568 265 4633 (ι)
280 4568 338 4620 vra
349 4567 381 4627 s,
395 4568 444 4620 rr.

228 4684 263 4749 (a)
280 4684 338 4736 uae
354 4660 387 4745 c,
403 4684 442 4735 aa
461 4683 529 4741 eta,
547 4682 573 4743 1,
584 4680 646 4733 roa
663 4688 687 4731 o
700 4680 780 4731 aanor.
