2942 5100
662 439 822 504 ..22-

129 621 337 704 nominatos,
368 643 517 712 quorum
541 646 657 694 amore
679 648 760 696 vere
786 628 938 698 insanire
962 649 999 697 se
1027 629 1100 718 ipse
1133 628 1270 699 dicebat
1289 629 1358 723 (l),

126 781 343 871 poematibus
401 785 642 854 Mdditatioos
683 788 860 878 inscriptis
907 811 1043 879 aequare
1096 812 1166 859 non
1214 791 1360 860 dubita-

128 946 204 1026 ret;
239 944 298 1012 sed
340 946 422 1013 satis
463 949 587 1016 teretes
630 970 729 1016 aures
789 950 865 1040 ejus
898 951 973 1041 jam
1020 950 1119 1018 iactae
1173 958 1270 1020 erant
1315 958 1360 1022 ut

125 1103 266 1173 sentiret
307 1129 411 1197 quam
451 1107 576 1198 frigide
615 1132 755 1179 servum
792 1133 898 1200 pecus
940 1111 1153 1180 imitatorum
1204 1115 1360 1182 maxima

126 1265 350 1335 classicorum
382 1289 487 1358 opera
518 1269 723 1339 imitaretur.
761 1270 862 1353 Quod
894 1275 966 1339 tam
995 1270 1111 1340 lucide
1142 1273 1360 1364 percipiebat

124 1433 165 1497 ut
196 1430 342 1497 istorum
373 1432 486 1498 errata
520 1429 670 1520 signaret
699 1435 827 1522 aperte.
856 1431 908 1499 Ac
937 1431 967 1499 si
1007 1431 1146 1521 quando
1186 1439 1358 1523 opportu-

125 1612 210 1659 num
255 1591 369 1658 visum
411 1595 463 1659 est
505 1591 547 1658 ab
589 1591 791 1682 incorrupto
829 1591 982 1682 quodem
1019 1591 1138 1683 judice
1176 1595 1356 1664 efinibus

122 1752 314 1820 litterarum
342 1751 496 1842 ineptum
525 1755 663 1843 poetam
695 1752 809 1839 educi,
845 1754 1118 1824 Soiote-Bcuoe
1148 1754 1212 1823 has
1230 1760 1349 1845 partes

123 1913 345 2004 officiumque
382 1912 474 1984 ultro
527 1913 679 2004 suscepit
715 1937 722 1983 :
774 1914 978 2005 scriptorem
1019 1917 1358 1988 Bucar-Lormtao

124 2073 265 2166 expulit,
303 2073 397 2142 haud
429 2075 574 2143 tloribus
608 2078 815 2143 coronatum
847 2075 907 2166 (2).

170 2234 342 2320 Ceterum,
377 2234 406 2302 si
442 2239 565 2326 suopte
599 2235 739 2326 ingenio
776 2237 1047 2306 Soiote-Beuoe
1086 2259 1156 2304 non
1199 2237 1358 2306 animad-

123 2394 283 2463 vertisset
326 2417 431 2486 quam
480 2396 603 2486 priscae
649 2399 683 2465 et
718 2400 924 2487 pervetustus
960 2397 1082 2466 formae
1118 2401 1233 2466 essent
1275 2399 1357 2466 libri
1447 2382 1449 2435 5

123 2558 283 2645 istorum,
319 2558 401 2627 satis
433 2559 587 2650 prolecto
617 2560 648 2627 ei
676 2559 809 2643 luisset,
839 2558 874 2628 id
909 2564 947 2629 ut
981 2559 1205 2651 intellegeret,
1240 2561 1355 2631 oculis
1447 2548 1449 2572 '

125 2719 389 2813 ephemeridem,
411 2721 447 2787 in
480 2742 547 2811 qua
575 2719 759 2808 scribebat,
794 2718 1030 2812 perlustrare;
1059 2723 1095 2790 in
1128 2745 1198 2813 qua
1227 2722 1356 2790 cotidie

127 2905 167 2950 ac
213 2880 285 2949 sine
327 2879 398 2948 ulla
443 2880 710 2967 intermissione,
763 2882 960 2971 ineptorum
1016 2884 1226 2973 scriptorum
1269 2882 1358 2951 vitia

127 3042 252 3110 iterum
293 3046 395 3131 atque
435 3041 562 3109 iterum
612 3040 815 3108 denuntiata
865 3044 947 3109 sunt
995 3040 1055 3132 (3).
1109 3042 1182 3110 Nec
1229 3041 1359 3109 rectori
1447 3055 1449 3064 ·

126 3206 265 3272 Dubotc
307 3225 369 3271 nec
408 3202 512 3271 sociis
552 3201 627 3291 ejus
677 3205 881 3293 argumenta
922 3202 1076 3286 deerant,
1131 3202 1206 3271 haec
1253 3207 1358 3293 atque

127 3364 211 3433 talia
238 3364 525 3454 exprobrantibus
556 3387 563 3434 :
600 3362 857 3434 Undevicesimi
894 3361 1002 3432 seculi
1034 3362 1355 3453 pseudo-classicos

178 3662 210 3726 (l)
230 3660 287 3711 Vide
303 3660 499 3725 Correspoadocce,
512 3660 533 3719 1,
548 3659 569 3709 2
584 3673 615 3710 2«
627 3658 676 3721 y'ea
691 3661 740 3709 ruis
755 3661 795 3721 [ou
808 3674 831 3711 u.
1447 3721 1449 3724 Ι

178 3779 211 3843 (t)
223 3778 319 3827 Videte
336 3776 410 3835 Gtote,
425 3776 504 3838 tjun.
518 3776 588 3827 1825.
604 3776 646 3825 Dea
658 3781 740 3840 potstas
756 3777 782 3825 de
795 3778 943 3825 circumtenet
966 3782 987 3825 et
1007 3778 1035 3825 de
1053 3777 1086 3826 Μ.
1104 3776 1306 3826 Bucar-termites.
1325 3802 1359 3813 -
1447 3733 1449 3756 Ι

131 3868 218 3917 Locum
229 3868 347 3927 integrum
360 3865 439 3923 laudo,
457 3880 510 3915 cum
524 3864 634 3928 operibus
651 3864 775 3929 scriptoris
788 3879 909 3928 uunquam
922 3866 1027 3915 insertus
1041 3866 1073 3915 sit
1100 3880 1107 3914 ε
1128 3882 1142 3911 o
1151 3867 1176 3915 St
1191 3866 1221 3916 ld.
1236 3866 1307 3914 lluonr
1317 3866 1360 3914 n'e
1447 3865 1449 3924 ξ

127 3960 211 4019 jomots
225 3971 253 4005 eu
266 3956 293 4004 de
309 3956 439 4012 conviction,
454 3957 482 4013 st,
500 3962 567 4004 amnt
580 3955 607 4003 de
618 3955 685 4003 sotstr
696 3969 721 4003 so
734 3956 790 4017 tyre,
806 3956 824 4002 u
838 3955 868 4003 t'o
882 3956 981 4017 toujoura
996 3961 1059 4018 peste
1069 3969 1100 4003 aa
1112 3956 1174 4018 poids
1187 3956 1214 4004 de
1229 3956 1251 4003 lo
1269 3956 1359 4014 tenear,
1447 3933 1449 3962 ⁵

130 4047 168 4095 s'tl
184 4046 214 4095 t’o
228 4046 368 4093 consented
384 4046 506 4108 perpttottt
521 4058 568 4092 auc
584 4044 688 4107 Apottoar
701 4045 738 4093 der
748 4044 934 4093 unus-runos
948 4049 968 4092 et
981 4044 1037 4106 ficte
1049 4046 1064 4091 t
1075 4050 1122 4092 tout
1130 4044 1216 4105 jamule
1227 4060 1273 4093 auc
1283 4051 1359 4093 mutes
1447 4015 1449 4084 l

131 4138 162 4185 du
175 4134 353 4195 {tarde-meotis,
369 4135 389 4181 st
406 4134 551 4195 aujourd'tut
566 4148 651 4195 encore,
669 4134 765 4181 abusam
781 4134 847 4181 d’nae
869 4134 986 4183 horomate
1007 4134 1073 4193 facite
1094 4138 1115 4182 et
1133 4135 1254 4182 routtottre
1275 4135 1294 4183 tl
1313 4134 1359 4183 s’es
1447 4157 1449 4206 3

131 4230 271 4273 montescot
288 4230 336 4286 trop
349 4224 375 4272 de
389 4224 453 4286 peine
469 4238 499 4271 au
516 4228 551 4271 too
573 4222 626 4270 d'un
642 4224 686 4271 tteu
707 4237 811 4271 commun
826 4237 912 4284 sonore,
932 4225 953 4273 st
970 4237 998 4271 en
1014 4238 1047 4271 on
1063 4228 1108 4271 mot
1125 4224 1145 4271 le
1164 4223 1231 4271 Serre
1246 4224 1303 4272 door
1322 4239 1358 4271 ses
1447 4227 1449 4292 j

131 4314 210 4363 etanta
224 4314 280 4362 n’est
295 4328 339 4361 une
353 4314 474 4361 ceremonia
485 4314 511 4360 nt
527 4313 648 4369 nationale,
663 4313 688 4360 ni
702 4312 828 4373 religiosae,
843 4313 869 4361 nt
885 4311 978 4374 stodute,
999 4312 1056 4360 mois
1074 4326 1119 4360 soe
1141 4313 1233 4360 motttre
1248 4315 1263 4361 d
1278 4318 1359 4375 quatre

132 4404 194 4452 mitte
208 4418 256 4450 vers
270 4403 396 4465 descripttss
405 4414 468 4449 assez
483 4402 600 4462 ronflootr,
618 4402 658 4450 tels
674 4402 740 4463 qa'on
752 4416 780 4449 eo
792 4402 834 4460 sort
847 4402 1010 4464 aestatemque
1024 4402 1046 4449 la
1061 4401 1125 4450 settle
1138 4402 1175 4449 des
1188 4402 1270 4463 grands
1282 4404 1356 4464 jours,

131 4506 173 4555 quc
190 4493 222 4539 tui
236 4495 331 4554 peut-on
345 4490 503 4538 resonemus
514 4488 632 4550 oblecter?
650 4490 707 4539 G’est
727 4490 758 4537 du
776 4490 883 4537 ostentet
905 4504 950 4537 noa
970 4490 1034 4539 delo
1052 4492 1125 4554 potate
1143 4491 1199 4553 qn'tt
1214 4505 1230 4538 e
1248 4492 1358 4554 prtteada
1447 4499 1449 4508 '

130 4580 187 4638 solra
200 4593 208 4625 .·
222 4577 244 4625 to
257 4577 351 4638 critique
366 4575 405 4623 a¹o
420 4589 460 4639 pos
473 4577 500 4623 de
513 4576 572 4638 prise
584 4590 623 4623 sur
640 4577 673 4624 tut
689 4590 694 4623 :
710 4576 729 4625 o
739 4581 771 4623 est
784 4577 918 4625 uu-dersous
928 4576 992 4625 d’ette
1005 4594 1030 4626 u.

184 4692 207 4751 3)
225 4690 282 4739 Vide
296 4691 414 4748 dicutur,
428 4689 588 4751 Satala-Becco
604 4694 672 4737 ovant
689 4690 719 4739 tes
732 4689 825 4747 tuus,
842 4703 894 4752 cap.
911 4690 957 4752 111,
969 4691 996 4740 V.
