2942 5100
692 440 852 504 ,46-

159 640 296 687 summa
323 619 541 709 jucunditate
578 622 670 691 attici
711 624 861 711 videtur,
902 650 981 696 oum
1025 629 1092 697 sibi
1133 632 1234 720 quasi
1276 631 1380 702 Galli-

161 800 223 846 cus
251 780 434 850 Anacreon
458 786 519 851 aut
544 787 671 854 Marot
710 790 851 855 renatus
884 786 942 857 illa
982 793 1157 859 Romard
1183 798 1377 883 appareat:

209 1137 292 1195 Mais
320 1138 350 1196 le
378 1139 557 1198 croirait·on
580 1141 594 1196 t
621 1157 657 1198 ce
684 1143 740 1216 qui
774 1158 854 1199 nous
887 1145 967 1217 plait
998 1152 1123 1202 surtout
1157 1153 1190 1203 et
1222 1163 1257 1204 oe
1289 1147 1379 1220 qu’on

157 1263 336 1321 s’aviserait
362 1264 392 1322 lo
416 1266 514 1323 moins
541 1266 582 1324 de
607 1267 756 1324 chercher
784 1267 864 1324 dans
890 1270 1031 1339 l'auteur,
1057 1271 1133 1327 a’est
1164 1270 1246 1328 l'ode
1280 1273 1379 1345 opicu-

155 1388 273 1458 nenne,
296 1391 548 1465 anacraontiqua
576 1393 608 1448 la
640 1393 780 1449 ohanson
815 1409 855 1450 on
888 1411 930 1450 un
965 1404 1041 1465 mot,
1071 1397 1144 1453 telle
1178 1413 1239 1470 que
1275 1398 1378 1454 Marot

153 1514 228 1588 ddja
255 1515 288 1573 la
312 1517 418 1575 savait
443 1517 533 1588 faire,
561 1519 633 1576 tollo
661 1535 722 1592 quo
746 1518 790 1576 du
821 1520 928 1592 Bellay
958 1522 990 1578 la
1023 1521 1132 1579 faisait
1162 1529 1231 1579 tout
1267 1539 1310 1579 en
1348 1524 1377 1579 la

153 1638 326 1712 daprisant.
354 1643 407 1712 lei,
441 1644 530 1716 point
553 1643 594 1700 do
621 1643 798 1716 protention
821 1644 854 1700 ni
881 1644 1040 1716 d'ontInre,
1065 1663 1125 1703 ane
1150 1647 1283 1703 molodia
1309 1663 1377 1703 soa-

153 1772 257 1836 tenae,
282 1767 336 1824 des
362 1767 444 1825 idaea
472 1768 685 1841 oolaptaeasea
713 1775 744 1825 at
769 1770 807 1826 de
826 1769 970 1843 fratchea
995 1771 1139 1829 coalenrs
1168 1790 1178 1831 .·
1203 1771 1236 1829 la
1263 1773 1376 1847 langue

154 1891 195 1948 do
219 1891 324 1950 Marot
351 1902 400 1950 est
426 1894 601 1963 retrouvoe,
630 1895 710 1952 mats
736 1911 808 1952 ooec
830 1895 903 1968 plna
925 1896 1036 1955 (facim
1059 1892 1111 1971 (1).

198 2209 259 2273 aut
300 2227 307 2272 :

203 2533 291 2590 [ist-il
313 2534 424 2591 besoin
444 2534 484 2592 de
510 2533 591 2592 faire
615 2552 797 2609 remarquar
827 2535 856 2593 le
886 2537 934 2594 vii
961 2544 993 2595 et
1023 2537 1146 2596 natural
1177 2548 1375 2597 mouvement

148 2658 187 2716 de
215 2675 249 2716 ce
284 2660 382 2717 dobut
410 2676 418 2717 :
444 2679 462 2717 «
482 2661 661 2735 Mignonne,
683 2662 796 2735 [allans
821 2663 939 2723 voir...
968 2682 987 2719 ))
1013 2665 1030 2721 ‘2
1059 2664 1098 2720 Et
1124 2681 1203 2738 pour
1226 2666 1255 2721 le
1281 2666 1372 2737 style,

147 2785 220 2857 quel
242 2787 399 2858 progrost
430 2803 491 2859 que
519 2786 671 2862 d'images
696 2787 704 2843 t
732 2809 747 2841 a
776 2788 821 2844 La
848 2789 925 2845 robe
957 2788 997 2845 de
1024 2805 1206 2862 pampro»,
1238 2810 1253 2841 «
1276 2790 1373 2847 laissa

149 2910 254 2967 cheoir
282 2926 334 2967 ses
361 2912 492 2969 beautts
517 2933 543 2982 »‚
571 2920 620 2970 cat
647 2918 706 2987 age
733 2914 788 2987 qui
808 2930 827 2969 «
850 2914 1008 2971 sseuronno
1037 2931 1077 2971 on
1107 2931 1144 2972 sa
1178 2923 1266 2971 verte
1299 2932 1373 2971 nou·

147 3037 262 3093 veautt
289 3057 314 3105 n,
351 3055 369 3093 a
397 3037 515 3094 aneillir
549 3054 587 3094 sa
617 3039 764 3110 jeunessa
795 3058 821 3109 »,
849 3056 868 3095 «
890 3039 1087 3096 moissonnor
1119 3015 1172 3096 aas
1194 3039 1298 3095 disits
1319 3058 1338 3095 »
1364 3046 1371 3093 t

145 3160 185 3217 Et
214 3176 249 3217 oe
275 3169 381 3218 retour
406 3162 434 3218 si
460 3162 545 3235 plain
580 3165 601 3218 a
629 3164 662 3219 la
693 3162 754 3220 fois
785 3163 825 3220 de
859 3163 1004 3221 tristasse
1041 3171 1072 3220 ot
1098 3164 1331 3221 d’insouciance
1363 3181 1370 3219 τ

146 3308 160 3340 a
189 3286 279 3343 Last
312 3287 342 3344 le
367 3294 480 3361 temps,
502 3303 564 3344 non
586 3307 594 3359 ;
620 3290 701 3345 mais
728 3305 809 3346 nous
833 3305 915 3346 nous
938 3306 977 3345 en
1005 3290 1106 3346 allons
1131 3292 1139 3347 t
1168 3311 1182 3342 »
1210 3289 1371 3348 Matherbe

145 3412 224 3469 a-t·il
243 3412 312 3470 bien
335 3413 388 3470 οεέ
412 3413 504 3487 biffer
521 3413 559 3469 de
579 3413 636 3471 tela
657 3430 734 3484 vera,
755 3422 785 3471 et
802 3415 987 3488 Despretanx
1008 3416 1053 3473 tes
1070 3416 1188 3475 avait-il
1205 3414 1283 3473 tas?
1298 3416 1369 3489 (2)»

192 3724 346 3816 Longius
387 3724 490 3794 otiam
529 3748 734 3818 progressus
773 3731 825 3795 ast
866 3726 1148 3798 Sainte·Beuoe.
1180 3728 1293 3798 Semel
1324 3768 1369 3780 -

145 3885 369 3955 adnotatione
394 3886 544 3977 quadam
568 3888 690 3973 fateor,
720 3886 821 3977 qnasi
849 3886 920 3956 ima
947 3888 1075 3979 pagina
1100 3892 1242 3979 cuperat
1264 3887 1366 3959 auda-

145 4046 219 4114 cius
258 4046 430 4136 judicium
464 4047 582 4131 latore,
618 4088 663 4099 -
695 4052 805 4140 pootae
847 4070 918 4116 non
953 4048 1058 4117 modo
1091 4050 1271 4140 ingenium
1307 4050 1366 4118 sod

144 4209 178 4275 ot
210 4206 380 4277 rationem
418 4212 451 4275 et
480 4206 674 4275 doctrinam
702 4207 876 4278 scribendi
912 4207 1054 4279 laudaro
1082 4210 1199 4297 audet,
1244 4210 1299 4302 ita
1327 4215 1366 4280 ut

190 4559 223 4621 (2)
238 4558 297 4609 Vide
312 4558 348 4622 G,
364 4558 393 4609 13
403 4565 451 4609 oct.
469 4583 497 4596 -
515 4556 560 4608 flio
577 4555 644 4607 locun
660 4565 765 4609 mutatus
779 4562 851 4611 autin
867 4562 899 4622 Β,
909 4563 959 4626 94,
972 4564 1006 4626 Gi
1022 4564 1061 4616 ’11
1072 4572 1096 4615 et
1110 4565 1142 4622 Ιι,
1160 4566 1181 4625 1,
1196 4567 1270 4618 126.

190 4673 224 4735 (3)
237 4672 294 4722 Vide
308 4673 344 4733 G,
356 4672 386 4724 13
396 4680 443 4723 oct.
463 4699 491 4711 -
507 4672 552 4723 liic
565 4673 639 4730 loono,
656 4673 681 4723 in
695 4673 718 4723 S
734 4674 837 4739 tacitus,
852 4683 956 4727 mutatus
970 4686 1007 4728 ast
1019 4682 1044 4730 in
1066 4680 1099 4743 G,
1113 4680 1155 4733 72
1170 4688 1194 4731 et
1208 4682 1243 4739 L,
1260 4681 1362 4743 1‚128.
