2942 5100
672 520 831 584 ..54..
897 471 901 478 ⁵

139 707 218 778 odio
244 707 421 799 seposito;
454 696 580 796 quibus
598 705 812 774 inducuntur
841 705 982 773 nomina
1014 709 1195 795 poetarum
1238 707 1358 778 Chor-

139 869 401 940 lesd’orteaar
439 871 474 937 at
509 870 643 936 Vittoo.

183 1030 222 1098 ln
264 1029 375 1119 prirna
420 1031 536 1096 autem
586 1025 665 1094 libri
708 1027 817 1117 ipsius
853 1031 961 1116 parte,
1003 1049 1179 1117 perpauca
1223 1033 1358 1118 propter

138 1193 305 1257 mutatam
341 1187 548 1257 sententiam
582 1190 714 1255 mutata
751 1188 844 1254 sunt.
871 1185 920 1253 De
951 1188 1109 1255 Chartae
1149 1187 1354 1274 d'orloara

138 1349 269 1418 seilicet
317 1351 376 1416 aut
428 1351 550 1417 Villore
594 1351 653 1415 aut
698 1351 826 1416 Moror
868 1351 927 1414 aut
968 1323 1099 1415 ceteris
1122 1348 1356 1438 scriptoribus,

136 1508 261 1578 licebat
298 1507 457 1577 criticum
494 1507 547 1596 in,
564 1509 613 1576 eis
654 1529 807 1592 manere,
844 1530 921 1597 quae
971 1511 1071 1576 antea
1117 1515 1355 1580 asseverasset.

137 1670 226 1739 Cum
267 1669 359 1736 enirn
404 1668 553 1736 liberum
594 1672 628 1736 et
673 1667 861 1736 candidum
906 1667 1043 1736 dicendi
1100 1689 1210 1758 genus
1249 1669 1355 1738 secuti

136 1832 262 1912 essent,
302 1831 403 1917 atque
423 1826 590 1895 nonnulla
619 1827 767 1895 mutuati
795 1832 910 1895 essent
937 1850 955 1896 a
985 1826 1121 1896 titteris*
1145 1829 1351 1918 quibusdam

135 1987 348 2078 alienigenis,
381 1991 538 2056 auotores
571 1962 680 2054 videri
717 1989 879 2077 poterant
916 1987 959 2054 ad
992 1987 1151 2077 quaedam
1195 1989 1359 2056 romanti-

139 2172 260 2219 oorum
295 2152 465 2240 praecepta
492 2147 748 2232 confirmanda;
782 2147 897 2234 simul,
934 2171 1014 2217 oum
1053 2171 1157 2239 opera
1186 2149 1357 2217 nobilibus

138 2308 325 2378 virtutibus
376 2311 410 2377 et
449 2307 583 2377 viribus
620 2308 783 2376 destituta
818 2311 921 2397 atque
953 2331 1078 2399 parurn
1123 2308 1193 2376 alta
1224 2331 1359 2400 compo

138 2468 301 2554 suissent,
345 2469 500 2560 exemplo
547 2492 610 2538 suo
651 2469 876 2561 comprobare
913 2469 1023 2539 videri
1056 2474 1215 2562 poterant
1248 2470 1357 2538 audax

135 2630 422 2721 inopinatumque
455 2630 591 2699 facinus
639 2654 659 2698 a
716 2633 917 2700 Pleiadum
951 2631 1061 2722 poetis
1091 2636 1273 2718 tentatum,
1317 2672 1359 2682 —

139 2814 288 2881 quorum
320 2796 501 2882 poetarum
537 2815 575 2860 se
613 2791 765 2892 fautores
812 2797 846 2859 et
886 2791 1031 2861 heredes
1071 2814 1146 2860 esse
1178 2792 1357 2860 romantiei

134 2954 397 3057 profitebantur.
449 2952 566 3041 [taque
606 2952 726 3043 primis
771 2952 808 3020 in
847 2952 982 3043 paginis
1030 2952 1119 3019 nihil
1166 2951 1356 3021 notandum

139 3111 288 3182 videtur.

183 3272 251 3342 Sed
280 3272 340 3342 ubi
381 3274 532 3363 primum
573 3273 728 3364 pervenit
770 3283 1034 3347 Scitote-Beuoe
1059 3272 1100 3340 ad
1137 3278 1274 3363 poetam
1309 3275 1357 3341 du

139 3442 280 3524 Belloy,
306 3433 449 3523 ejusque
485 3433 641 3503 libellum
669 3433 728 3523 qui
761 3433 964 3501 inscribitur
995 3434 1153 3521 De’feoae
1189 3440 1225 3503 et
1252 3437 1359 3502 Illur-

141 3600 284 3664 tration
321 3597 365 3664 de
397 3598 436 3665 to
473 3599 610 3683 tanqua
640 3599 846 3681 frooeoiee,
891 3599 975 3663 tuno
1006 3595 1134 3663 mirum
1156 3596 1193 3662 in
1219 3594 1358 3665 modum

140 3755 300 3825 emendat
333 3757 519 3825 sententias
553 3760 587 3825 et
619 3758 730 3824 mutat
762 3754 907 3844 judicia.
939 3756 1033 3823 Eniti
1062 3755 1218 3825 studiose
1267 3756 1358 3823 oriti-

141 3940 202 3984 eus
235 3917 373 3986 videtur
404 3922 443 3986 ut
470 3922 589 4008 poetas
613 3918 700 3986 sexti
735 3916 860 3985 decimi
886 3916 992 3985 seculi
1021 3916 1252 4001 commendet,
1274 3938 1357 4005 quos

141 4076 402 4161 detrectaverat,
457 4083 490 4145 et
538 4078 680 4146 nomina
740 4081 923 4169 poetarum
964 4077 1212 4147 undevicesimi
1254 4076 1357 4145 seculi

141 4262 245 4329 quam
279 4238 466 4329 saepissime
503 4239 713 4331 interponat,
747 4241 873 4331 quihus
915 4264 1009 4310 nune
1042 4240 1146 4309 favet.
1196 4240 1358 4308 Brevibus

141 4400 234 4468 enim
276 4399 390 4501 verbis
448 4406 481 4468 et
510 4401 592 4469 satis
626 4404 758 4492 asperis
804 4402 958 4468 carmina
1002 4400 1220 4491 judicaverat
1257 4424 1277 4467 a
1310 4402 1358 4467 du

142 4566 272 4647 Bettay
302 4558 522 4647 composita:
