2942 5100
656 498 816 562 ..60-

161 683 327 768 Quaedam
368 683 484 769 etiam,
523 683 625 774 capiti
663 681 758 773 quod
800 683 903 752 tertio
939 681 1073 752 decimo
1118 682 1176 751 die
1220 683 1342 752 mensis

118 846 277 918 Octobris
304 845 396 936 typis
424 843 625 912 mandatum
653 848 717 928 est,
753 846 869 934 aperte
898 843 1132 934 significantia
1164 865 1242 935 quae
1284 845 1342 912 sibi

116 1010 337 1100 proponeret,
374 1005 469 1074 addit
493 1008 768 1076 Scinio-Boura
794 1005 963 1095 Legentes
979 1004 1072 1072 enirn
1093 1011 1287 1095 premonet
1313 1028 1343 1074 se

118 1171 284 1239 volumen
315 1167 489 1258 integrum
522 1166 747 1258 impleturum
781 1187 855 1235 esse
888 1164 1048 1235 versibus
1081 1165 1217 1234 selectis
1248 1165 1343 1235 istius

118 1330 292 1403 somaro
317 1327 445 1398 vetusti
475 1331 509 1396 et
541 1325 686 1396 obsoleti
714 1366 759 1377 -
795 1326 1028 1418 plurimorum
1057 1325 1180 1395 saltem
1209 1325 1341 1417 judicio

119 1532 197 1575 -‚
228 1513 293 1559 nec
326 1489 413 1559 celat
445 1511 549 1579 quern
582 1488 684 1556 valde
714 1491 809 1579 optet
836 1486 1014 1555 infamiam
1042 1487 1118 1576 ejus
1147 1486 1282 1556 delere:

174 1789 383 1858 «Lai-meme,
407 1802 502 1845 osona
529 1786 559 1848 le
582 1789 660 1859 dire,
688 1789 711 1845 il
737 1789 790 1847 n'a
816 1805 875 1861 pes
903 1790 1046 1862 toriours
1072 1788 1121 1845 ete
1149 1789 1346 1848 malheureux

120 1915 201 1973 dans
227 1931 278 1973 ses
306 1914 487 1972 hardiesses
514 1916 712 1990 genereuses.
733 1915 780 1971 La
807 1917 849 1971 οὺ
876 1915 905 1972 le
933 1936 948 1967 s
963 1915 1104 1989 peuple»
1130 1915 1188 1972 des
1215 1915 1345 1973 lecoeurs

121 2041 217 2099 serait
239 2040 322 2097 tense
354 2038 394 2096 de
423 2039 442 2096 l’
473 2039 630 2097 restimer
657 2039 783 2112 caragi,
812 2039 965 2096 furieux»
999 2046 1031 2096 et
1061 2039 1289 2114 inintelligible‚
1323 2041 1344 2097 il

121 2165 206 2222 suffit
233 2164 429 2239 quelquet'ois
456 2164 496 2221 de
528 2164 706 2237 pardonner
739 2181 802 2221 une
833 2164 1018 2237 expression
1052 2165 1160 2234 basse,
1190 2164 1231 2222 de
1267 2181 1344 2222 com·
1450 2164 1451 2193 ³

119 2290 254 2365 prendre
280 2305 322 2347 un
346 2297 418 2346 tour
443 2290 568 2358 obscur,
600 2288 640 2346 de
667 2288 812 2362 pcnetrer
837 2305 897 2346 une
922 2289 1059 2346 allusion
1086 2289 1218 2358 erudite,
1243 2306 1282 2346 en
1308 2308 1347 2347 un
1451 2316 1452 2341 r

119 2423 185 2474 mot
211 2415 252 2472 de
278 2416 421 2472 soulever
448 2431 490 2471 un
517 2414 603 2490 leger
628 2413 711 2470 voile
740 2429 821 2487 pour
856 2415 886 2471 le
919 2421 1047 2472 trouver
1085 2414 1281 2472 eblouissent
1317 2423 1346 2472 et

118 2539 249 2615 inspiro.
279 2539 337 2598 Ses
360 2538 492 2598 beantes
519 2546 574 2597 ont
600 2546 731 2597 souvent
757 2538 869 2597 besoin
897 2538 994 2597 d’etre
1026 2538 1222 2597 demontrees
1249 2547 1344 2598 avant
1453 2583 1454 2602 t

121 2665 219 2722 d'etre
242 2664 369 2723 senties.
397 2663 480 2722 C'est
512 2680 548 2721 ce
572 2665 638 2721 rote
664 2663 780 2719 de'licat
814 2664 1012 2737 d'interprete
1044 2681 1105 2738 que
1142 2681 1221 2722 nous
1249 2681 1346 2722 avons

122 2790 213 2847 teche
238 2789 278 2847 de
305 2788 433 2862 remplir
456 2788 537 2845 dens
563 2789 591 2845 le
617 2789 741 2846 volume
771 2789 919 2846 consecro
952 2805 991 2845 cn
1027 2789 1126 2846 entier
1159 2792 1179 2845 a
1208 2789 1349 2846 Ronsard

124 2922 155 2971 et
180 2916 200 2970 a
221 2930 272 2972 ses
301 2930 426 2971 oeuvres
453 2930 460 2969 τ
489 2912 639 2983 icareus,
668 2915 696 2971 si
723 2929 802 2970 nous
826 2930 920 2973 acoris
948 2913 1050 2971 reussi
1078 2914 1099 2970 ὰ
1125 2930 1246 2992 renger
1276 2930 1348 2971 sans

122 3040 291 3109 tanaiisme
320 3045 350 3096 et
379 3039 399 3096 ὰ
431 3040 550 3097 relever·
584 3056 659 3097 sans
694 3040 897 3113 superstition
934 3056 995 3095 unc
1039 3040 1166 3114 grande
1201 3040 1347 3097 memoirc

124 3166 241 3223 dichuc
254 3165 296 3239 Ι(
316 3165 341 3239 ).

167 3425 281 3514 Atque
315 3423 486 3514 pretioue,
517 3445 597 3492 curn
625 3426 726 3491 antea
750 3421 945 3513 scripsisset
982 3446 988 3491 :

179 3674 225 3730 La
249 3671 462 3730 versification
487 3671 543 3729 dut
567 3674 587 3728 a
612 3672 758 3730 Ronsard
782 3672 941 3745 plusieurs
966 3673 1165 3747 progres(2)‚

172 3955 266 4002 nunc
296 3931 445 4001 scribit:

181 4185 226 4240 La
251 4183 462 4241 versification
482 4184 538 4241 dut
559 4188 579 4242 a
597 4184 741 4243 Ronsard
766 4185 804 4241 de
825 4184 964 4241 notables
986 4188 1128 4260 progres.
1148 4187 1186 4243 Et
1211 4184 1348 4255 d’abord,

126 4309 149 4365 il
174 4309 314 4382 imagine
336 4325 396 4365 une
423 4308 542 4389 grande
566 4308 686 4367 verie'te
713 4308 754 4367 de
785 4308 923 4381 rythmes
949 4310 1089 4383 lyriques
1113 4319 1145 4369 et
1173 4309 1350 4367 construisit

180 4631 215 4693 (1)
224 4631 282 4681 vrrs
296 4631 328 4689 S,
343 4631 393 4695 05,
409 4632 442 4695 G,
453 4632 495 4684 70
509 4638 533 4681 ct
549 4633 584 4696 L,
599 4633 619 4691 1,
636 4632 707 4683 133.

182 4715 216 4779 (2)
229 4716 286 4765 Vide
298 4717 326 4766 G
337 4717 377 4779 (ti
390 4719 459 4781 oca).
