2942 5100
658 461 819 526 „gp-

128 645 311 731 extulerat,
349 667 412 715 nec
446 650 564 714 censet
588 667 623 714 sc
657 644 827 713 erravisse
862 667 942 713 cum
970 644 1096 713 veteris
1124 649 1235 736 poetae
1267 643 1372 712 inla-

129 806 235 875 miarn
274 806 389 876 lavare
427 811 572 876 conatus
613 810 715 892 esset,
755 805 913 895 quamvis
948 804 1077 874 delusae
1113 809 1228 874 essent
1266 825 1370 894 quas

131 967 344 1058 concepisset
379 989 469 1060 spes.
514 969 660 1058 Insuper
702 965 928 1057 pervicaciter
967 965 1140 1034 existimat
1173 965 1371 1034 classicam

132 1124 270 1195 dicendi
302 1128 450 1196 formam
493 1149 569 1197 cam
601 1127 707 1195 fuisse
753 1149 831 1217 quae
879 1125 1029 1217 legitime
1072 1125 1274 1194 dilataretur
1330 1125 1371 1190 ct

129 1287 269 1358 liberior
298 1288 407 1375 lieret,
429 1291 530 1378 atque
553 1288 644 1378 J'ure‚
666 1287 825 1377 quamvis
853 1278 1048 1369 infeliciter,
1073 1287 1247 1356 Ronaord
1278 1281 1370 1353 eni-

130 1470 208 1518 surn
244 1469 319 1516 esse
350 1452 391 1517 ut
417 1447 575 1516 versibus
607 1447 783 1537 propriam
813 1447 970 1538 linguam
991 1447 1216 1539 propriasque
1248 1466 1369 1516 voces

132 1609 242 1693 daret,
297 1607 422 1698 quibua
469 1631 489 1676 a
522 1607 637 1677 soluta
683 1608 838 1676 oratione
888 1607 1178 1693 discernerentur,
1218 1627 1372 1676 necnon

134 1773 370 1859 opportunum
416 1790 510 1837 nunc
546 1789 684 1859 quoque
720 1767 832 1837 videri
865 1767 996 1858 aliquid
1030 1769 1119 1836 inter
1153 1767 1288 1859 poesim
1331 1770 1373 1834 et

132 1950 328 1997 sermonem
361 1923 582 1998 communem
621 1927 800 1996 interesse.
831 1928 919 1996 Cum
961 1927 1006 1996 sit
1042 1927 1174 2019 integer
1215 1925 1372 1996 histori-

132 2111 193 2158 cus
244 2093 277 2157 et
324 2110 404 2158 cum
445 2088 602 2179 epistulae
649 2091 769 2157 auctor
814 2088 859 2156 sit
892 2087 949 2157 cui
989 2087 1111 2158 titulus
1157 2070 1295 2174 Epitre
1344 2089 1373 2156 ct

130 2255 182 2321 M.
221 2252 434 2334 Villemuira,
470 2249 506 2316 in
543 2249 645 2317 rebus
681 2248 723 2317 ad
753 2248 936 2318 historiam
968 2249 1081 2340 ipsam
1119 2271 1262 2340 operum
1298 2252 1373 2318 aut

137 2411 309 2480 scribendi
338 2410 496 2501 quaedam
525 2413 695 2500 praecepta
723 2408 987 2500 pertinentibus,
1019 2409 1219 2479 romanticis
1251 2410 1370 2478 etiam

132 2573 359 2664 scriptoribus
399 2572 597 2641 assentitur.

177 2733 278 2816 Quod
309 2736 423 2801 autam
449 2732 491 2799 ad
530 2729 662 2821 reliqua
690 2731 824 2814 attinet,
854 2730 1010 2822 expedite
1038 2737 1072 2801 et
1103 2754 1202 2822 aequo
1235 2733 1366 2801 animo

135 2893 262 2964 deserit
289 2897 324 2962 et
360 2891 514 2961 scholam
555 2890 732 2981 quondam
766 2891 982 2961 decantatam
1020 2895 1053 2961 et
1085 2898 1203 2983 poetas
1233 2892 1367 2962 lauda-

133 3059 199 3124 tos.
231 3052 376 3123 Gratum
410 3051 493 3120 olirn
521 3051 552 3120 ei
567 3052 678 3121 fuerat
706 3072 829 3141 poema
857 3076 878 3119 a
913 3056 1039 3123 Victor
1070 3057 1180 3141 Hono
1215 3075 1365 3144 compo·

133 3215 238 3284 situm
277 3234 481 3297 memorare,
507 3210 599 3301 quod
629 3210 765 3279 dicebat
802 3234 809 3279 :
845 3234 860 3278 ‹
892 3214 930 3281 la
957 3216 1180 3283 clarmonte
1208 3215 1364 3283 bellede

136 3378 181 3444 de
203 3377 336 3461 Tritby
362 3394 398 3457 »;
432 3394 526 3441 nunc
558 3370 822 3440 admirationem
844 3372 1016 3463 deposuit.
1038 3374 1090 3442 Ac
1109 3373 1140 3441 si
1162 3371 1282 3442 multis
1316 3372 1361 3441 de

139 3534 264 3620 causis,
286 3555 377 3601 anno
410 3530 593 3600 millesimo
627 3530 912 3622 octingentesimo
946 3531 1211 3623 quadragesimo
1239 3532 1358 3618 tertie,

137 3693 257 3763 laudes
282 3692 440 3799 ‘adimere
475 3714 545 3760 non
578 3690 692 3779 audet,
720 3691 794 3781 jam
836 3692 989 3783 profecto
1027 3690 1087 3760 illa
1119 3690 1246 3783 cogitat
1278 3714 1360 3781 quae

135 3854 267 3925 ultimae
299 3856 436 3921 tantum
462 3852 604 3922 editioni
633 3852 783 3921 inserere
811 3850 975 3921 audebit:

186 4148 211 4205 ll
241 4148 291 4221 n'y
316 4165 337 4205 a
350 4164 410 4221 pas
438 4147 539 4221 grand
563 4162 636 4203 sens
662 4145 743 4203 daus
768 4153 853 4204 toute
878 4154 960 4203 cette
979 4146 1117 4217 hellade,
1131 4164 1191 4221 pas
1209 4148 1281 4222 plus
1296 4168 1361 4225 que

133 4274 217 4331 dans
243 4280 312 4330 tout
329 4270 358 4329 le
382 4271 461 4329 livre
482 4270 522 4328 de
546 4271 662 4329 Nodier
669 4287 678 4344 3
700 4271 782 4328 mais
805 4271 882 4328 c'est
907 4271 1002 4345 leger,
1017 4272 1180 4331 bruissant
1204 4282 1236 4333 et
1264 4277 1362 4333 chan·

135 4407 205 4456 tant
214 4398 269 4472 (1).

202 4673 237 4734 (l)
250 4672 307 4721 vida
323 4672 358 4733 11,
372 4672 394 4729 l,
408 4672 481 4731 103,
496 4672 576 4723 adnot.
