2942 5100
681 542 839 605 ..18-

146 733 218 816 sots
252 750 326 798 une
354 729 626 799 distractioni
661 748 715 797 ses
751 729 877 797 coires
907 724 1059 812 penedes
1100 729 1136 794 et
1175 723 1374 796 l'earercice

149 890 241 958 d’un
271 892 389 958 tutent
421 893 486 976 qui
513 890 657 958 coututt
685 889 729 956 de
764 889 865 973 l’cir,
898 907 984 955 suus
1016 888 1197 972 toutefois.
1217 905 1374 971 compre

149 1070 284 1121 encore
315 1071 403 1120 auec
432 1054 470 1119 la
497 1049 686 1119 midectue
718 1054 754 1117 et
785 1069 851 1117 son
883 1049 1039 1134 tonitui.
1078 1050 1133 1117 Lu
1160 1049 1270 1132 place
1302 1067 1374 1133 que
1457 1056 1459 1081 ¹

147 1219 181 1294 te
205 1216 365 1298 pouuats
392 1233 544 1284 ussurer
572 1215 596 1284 ὰ
622 1232 677 1282 ses
705 1213 815 1282 essuts
851 1215 887 1279 et
919 1213 958 1279 tu
997 1210 1170 1293 modique
1204 1207 1373 1276 uteribus

148 1375 226 1442 tion
259 1374 349 1443 dont
381 1379 490 1442 notre
515 1373 757 1444 deuouement
780 1377 815 1440 et
842 1376 952 1441 notre
977 1372 1154 1441 modestia
1180 1371 1205 1439 ὰ
1230 1374 1309 1438 tous
1335 1389 1374 1438 se

149 1539 366 1622 contentatt,
402 1556 449 1604 ne
478 1539 685 1622 pouvcicnt
714 1538 794 1604 tire
825 1553 900 1603 cue
929 1552 1131 1602 ressource.
1165 1533 1214 1600 Oe
1241 1552 1310 1618 que
1338 1538 1374 1616 jc

150 1694 381 1765 considerate
413 1701 449 1764 et
478 1717 518 1766 ce
551 1696 643 1783 qu’it
675 1694 905 1782 comtdtrait
933 1695 978 1762 de
1009 1696 1128 1762 minae
1162 1712 1250 1762 auec
1281 1697 1371 1779 moi,

148 1854 274 1924 c’ttuit
304 1859 338 1924 te
369 1860 624 1946 soutcpemeut
651 1858 696 1926 de
727 1876 793 1926 sou
831 1859 915 1924 dane
938 1874 1016 1942 pur
1043 1855 1303 1941 tumnensium
1340 1858 1376 1922 et

147 2023 181 2095 te
210 2023 267 2090 lut
292 2021 401 2088 citais
436 2021 632 2104 l'eacempte
658 2019 703 2086 de
728 2019 854 2087 Goethe
876 2019 953 2103 qui,
984 2037 1059 2086 aue
1086 2018 1159 2102 sois
1187 2014 1376 2102 dicturpt

146 2181 239 2250 dans
268 2201 333 2250 son
361 2179 524 2249 Werther
551 2180 596 2248 de
629 2198 682 2248 ses
710 2181 875 2248 reverter
903 2180 1181 2260 declamares,
1213 2196 1262 2245 ue
1296 2195 1375 2244 res-

146 2345 259 2410 seuttt
288 2344 376 2426 plus
410 2343 444 2409 te
480 2343 559 2444 mul
600 2338 692 2425 qu’tt
733 2343 1031 2425 communiquatt
1078 2341 1178 2409 ainsi
1228 2338 1253 2407 ct
1292 2342 1377 2406 taut

146 2504 311 2586 d'uutres
332 2525 346 2569 a
368 2502 430 2592 (1).

190 2662 273 2731 Haec
289 2662 404 2731 omnia
423 2662 496 2731 sine
530 2662 635 2731 dubio
663 2661 1019 2731 rnodicavidebantur
1047 2661 1169 2752 juveni
1199 2684 1262 2731 nec
1291 2662 1374 2729 satis

146 2822 308 2893 sublimia
344 2828 384 2894 ut
420 2822 691 2893 cumulatissime
715 2823 951 2892 satisfacerent
974 2823 1017 2910 ei,
1039 2823 1225 2915 cupiditate
1254 2822 1374 2914 gloriae

147 2984 319 3075 flagranti.
354 2985 527 3067 Attamen,
549 2983 676 3053 talibus
703 2984 861 3075 inceptis,
897 2984 1056 3075 sperabat
1083 2983 1157 3052 fore
1187 2986 1227 3052 ut
1249 2983 1285 3051 in
1307 3006 1374 3051 nu-

147 3165 281 3215 merum
329 3143 537 3235 scriptorum
587 3144 843 3229 inscriberetur,
892 3148 926 3213 et
969 3148 1008 3214 ut
1048 3145 1097 3212 ita
1143 3144 1255 3213 dicam
1298 3144 1372 3234 jam

147 3303 324 3396 scriptoris
349 3306 499 3396 speciem
519 3304 676 3373 indueret
699 3308 733 3373 et
748 3305 897 3373 breviter
920 3328 1001 3375 vere
1030 3307 1176 3397 scriptor
1197 3305 1369 3376 evaderet.

148 3464 266 3555 ltaque
316 3464 492 3557 proposita
543 3464 637 3534 haud
689 3464 821 3553 abnuit,
866 3489 946 3536 cum
991 3467 1028 3535 in
1070 3467 1186 3537 animo
1231 3468 1374 3538 haberet

148 3624 282 3716 majora
310 3648 390 3694 mox
404 3630 547 3695 tentare.

192 3786 348 3855 Primum
384 3791 518 3877 coeptus
559 3790 611 3855 est
649 3811 670 3855 a
705 3790 844 3857 Dubois
878 3789 1054 3856 formari:
1101 3813 1169 3881 quo
1213 3792 1300 3861 duce
1338 3796 1372 3860 et

149 3948 326 4040 magistre,
361 3952 400 4017 ut
430 3947 627 4018 tirunculus
661 3949 802 4039 quidam
835 3974 855 4018 a
893 3951 1063 4020 monitore
1091 3951 1227 4039 doctuS,
1263 3959 1371 4023 artem

142 4107 378 4199 ephemeridis
414 4109 672 4178 conscribendae
705 4109 825 4178 didicit
860 4110 920 4201 (2).
956 4111 1092 4180 Etenim
1124 4118 1163 4182 ut
1198 4113 1371 4183 facultatis

195 4476 228 4539 (1)
244 4474 302 4525 Vide
320 4476 385 4534 Lnu,
404 4476 437 4525 Ua
451 4472 531 4525 mettre
543 4478 569 4523 de
582 4476 746 4526 Scinio-iteum
757 4478 957 4541 (correspondeat,
971 4478 1000 4527 25
1011 4478 1157 4543 april.1900,
1169 4493 1194 4543 p.
1208 4480 1274 4544 319).
1287 4507 1316 4517 -
1329 4481 1372 4530 llle

148 4564 280 4613 Germanici
294 4571 369 4628 poetae
381 4565 487 4629 exemplo
500 4564 592 4615 videtur
613 4565 776 4614 Sarute-cuae
795 4578 937 4630 magnopere
952 4574 1031 4616 motus
1050 4581 1123 4617 essa:
1140 4582 1196 4618 nam
1214 4569 1266 4633 ipse
1286 4569 1372 4620 iterum

150 4658 219 4713 arque
234 4653 332 4715 sapius,
346 4653 374 4702 de
388 4653 519 4703 litterarum
532 4653 555 4701 ri
569 4656 593 4702 et
608 4653 693 4702 virtute
701 4652 765 4702 idun
774 4652 860 4703 obtulit
873 4653 940 4716 (Vide
953 4655 1037 4706 renuis
1048 4663 1071 4706 er
1080 4656 1202 4707 nieuw
1218 4657 1321 4722 Laudis).

198 4766 232 4831 (2)
243 4768 300 4818 Vide
314 4769 422 4819 rutrum
440 4770 566 4830 litteratius,
584 4768 615 4830 11,
626 4768 687 4819 525
701 4782 708 4818 ε
724 4782 737 4817 u
747 4768 936 4833 J’apprmtsmu
951 4772 1028 4821 meter
1039 4789 1061 4822 r.
