2942 5100
113 663 145 712 et
158 653 215 713 des
229 653 350 722 hoines,
358 652 434 709 dont
447 651 479 708 la
492 659 565 726 part
577 657 726 725 pourtant
741 656 790 708 est
803 649 922 724 grande
936 649 1009 706 ohez
1026 664 1061 706 oe
1073 648 1150 705 rude
1164 656 1197 705 et
1209 645 1355 704 brillant

113 779 197 838 eleul
208 779 248 837 de
261 776 409 837 Madame
421 776 462 835 de
473 775 655 834 Maintenon
670 776 728 851 (r).

113 1067 147 1134 et

161 1365 241 1422 Tout
255 1381 290 1421 oe
302 1363 380 1421 rdeit
391 1371 439 1420 est
453 1379 496 1419 un
510 1379 572 1436 peu
588 1363 708 1436 potttsd
722 1379 763 1420 en
773 1363 891 1437 fureur
903 1363 941 1419 de
959 1362 1078 1419 lodelle
1097 1363 1151 1436 qui
1175 1378 1214 1419 ne
1240 1359 1350 1419 oalair

105 1506 163 1564 pao
178 1496 246 1547 tant
248 1530 304 1546 .....

149 1776 226 1860 Qua
267 1775 304 1843 in
355 1773 578 1844 adnotatione
630 1774 672 1843 de
722 1776 864 1844 Jodelle
911 1773 986 1843 haee
1034 1773 1138 1843 etiam
1188 1772 1353 1842 addebat

104 1945 364 2014 &riute-Reum
386 1957 393 2002 :

156 2259 206 2319 On
226 2261 307 2318 n'eat
330 2275 447 2334 ramnus
474 2274 581 2316 mreux
603 2259 677 2333 juge
703 2276 765 2334 que
791 2277 850 2334 par
875 2276 927 2318 aes
955 2260 1036 2317 amis
1058 2214 1238 2320 litteraires.
1253 2261 1346 2318 Mais
1467 2232 1469 2305 i

103 2387 171 2444 cela
186 2386 251 2443 s’en
262 2404 303 2443 va
318 2393 452 2443 souvent
463 2401 502 2443 en
515 2385 611 2458 petits
623 2393 716 2454 mets,
731 2386 839 2443 tardis
848 2402 909 2460 que
920 2386 967 2444 les
978 2386 1083 2461 eloges
1096 2388 1190 2446 terite
1201 2395 1343 2459 restent,
1467 2424 1469 2451 ;

103 2519 134 2570 et
152 2511 184 2569 la
198 2511 348 2587 posteritt
364 2527 399 2570 se
412 2509 590 2585 meprend(
606 2514 628 2585 ).

148 2799 195 2867 At
227 2819 339 2888 neque
373 2795 493 2866 laudes
529 2794 653 2880 voluit,
687 2818 775 2887 quas
809 2795 883 2886 ipse
924 2802 1154 2883 concesserat,
1185 2798 1339 2871 intactas

103 2979 303 3049 permanere
338 2980 346 3027 :
399 2956 522 3026 recidit
569 2955 707 3047 igitur;
759 2978 871 3047 neque
921 2960 1034 3043 notas,
1077 2980 1163 3049 quas
1215 2960 1336 3029 animo

103 3122 321 3209 conceperat,
369 3117 406 3185 in
442 3120 564 3185 tenues
614 3138 718 3185 voees
776 3116 911 3185 dilabi:
957 3118 1151 3188 enuntiavit
1210 3120 1331 3211 igitur.

104 3279 297 3371 Scripserat
329 3276 435 3363 enim,
475 3276 574 3367 quasi
608 3275 803 3345 doctrinam
841 3300 861 3344 a
898 3280 1095 3349 Malherbe
1136 3279 1254 3367 latam,
1290 3303 1333 3351 ex

104 3462 144 3509 eo
177 3439 270 3530 quod
298 3438 431 3509 insulsa
454 3459 530 3507 eam
559 3440 789 3507 consecutura
815 3441 942 3524 essent,
976 3438 1170 3510 refelleret:

156 3740 247 3799 Certe
262 3740 452 3815 explication
468 3738 578 3812 simple
598 3745 629 3794 et
647 3745 731 3797 nette
747 3757 767 3797 a
780 3739 839 3797 fait
863 3740 1003 3812 fortune3
1018 3749 1087 3799 tout
1113 3743 1142 3800 le
1160 3742 1275 3802 monde
1290 3761 1329 3802 en

102 3867 222 3923 Franee
237 3866 349 3940 depuis
363 3864 525 3923 Malherbe
537 3881 557 3921 a
572 3864 708 3937 compris
721 3873 876 3922 comment
889 3882 930 3922 on
941 3865 1086 3940 fabrique
1099 3867 1129 3924 le
1144 3884 1218 3925 vers
1227 3887 1235 3939 ;
1244 3877 1276 3927 et
1288 3870 1329 3928 de

101 4007 161 4047 nos
172 3993 261 4065 jours
276 4007 399 4061 encore,
413 3991 436 4048 tl
448 3996 495 4047 est
510 3989 628 4047 loistdle
640 3988 660 4047 ὰ
673 3989 1011 4065 chacundeooutigner
1023 3992 1078 4049 dea
1091 3992 1234 4053 cherilleo
1249 3994 1329 4051 dana

103 4117 148 4175 tes
164 4135 184 4175 r<
202 4118 404 4176 Mddttattono
419 4135 439 4175 r>
453 4122 483 4173 et
497 4119 574 4174 dans
590 4134 611 4173 <r
626 4115 818 4174 Gromwell»
833 4117 841 4174 l
857 4116 915 4191 (3).

150 4462 185 4523 (l)
201 4460 260 4511 Vlde
277 4462 310 4523 (t,
327 4460 388 4511 141
406 4460 486 4510 rdnot·
498 4469 522 4511 et
533 4460 568 4519 Ι..
578 4462 600 4523 1,
615 4461 686 4521 24⁴,
699 4463 780 4513 adnot.

154 4570 187 4631 (r)
201 4570 258 4619 uu
274 4572 307 4632 o,
322 4571 384 4621 aua
400 4572 479 4621 adnot.
491 4580 514 4621 o
528 4573 562 4634 n,
575 4573 595 4631 1.
610 4574 680 4636 aaa,
698 4574 779 4627 adnot.
843 4564 845 4566 ’

154 4679 395 4742 offlam.
