2942 5100
709 471 870 537 -32-

182 654 327 745 legenda
364 660 457 747 apto,
493 655 703 725 existimavit
743 656 883 724 tandem
916 677 1037 725 omnes
1070 655 1302 747 ephemeridis
1331 680 1387 729 sue

178 816 434 907 conscriptores
465 815 594 907 injuste
622 815 823 885 durioribus
857 815 1035 884 sententiis
1072 819 1175 906 atque
1210 816 1387 887 acrioribus

180 975 271 1044 notis
308 982 446 1067 poetam
485 982 594 1066 Hono
630 976 818 1060 lacessere;
866 976 916 1045 ita
962 980 1000 1045 ut
1035 977 1072 1045 in
1110 976 1226 1045 animo
1268 976 1389 1047 haberet
1442 988 1443 1017 ¹

177 1138 294 1230 ipsum
322 1137 415 1206 illius
445 1165 461 1204 a
492 1139 669 1207 infamiam
698 1137 811 1207 levare
835 1159 850 1203 s
885 1137 945 1228 (1),
964 1137 1098 1227 judicio
1114 1139 1225 1230 magis
1256 1139 1388 1230 benigno

181 1296 223 1366 de
255 1300 469 1368 carminibus
507 1299 717 1384 recentibus,
744 1301 834 1368 Odes
870 1304 906 1368 et
941 1298 1129 1385 Bollades,
1146 1299 1299 1390 prolato.
1322 1300 1389 1370 Ser-

181 1459 290 1527 centis
319 1462 434 1527 antem
470 1459 574 1546 curis,
603 1458 794 1550 praesertim
823 1458 1053 1550 ephemeridis
1073 1457 1235 1550 regendae
1275 1459 1386 1546 labore,
1442 1476 1446 1607 p

182 1617 369 1709 impeditus
418 1595 460 1688 ne
506 1619 676 1688 destinata
704 1623 959 1709 exsequeretur,
1010 1619 1072 1688 has
1105 1623 1221 1710 partes
1256 1621 1388 1689 Sainte-
1442 1610 1444 1687 i

181 1779 306 1848 Beuce
345 1783 463 1847 nostro
501 1777 683 1870 delegavit.
728 1779 830 1847 Hunc
882 1778 1047 1848 nimirum
1096 1779 1242 1871 putabat
1286 1780 1390 1849 insitas

182 1939 288 2008 menti
332 1939 514 2031 opiniones
560 1939 696 2008 facilius
739 1940 977 2030 depositurum
1007 1962 1080 2009 esse
1127 1963 1232 2030 quam
1276 1944 1390 2011 ceteros

183 2104 265 2168 natu
317 2100 465 2190 majores
509 2123 517 2184 ;
550 2101 691 2190 insuper
729 2122 800 2168 non
852 2099 1032 2169 dubitabat
1065 2101 1149 2192 quin
1199 2100 1389 2191 discipulus,

184 2260 338 2329 consiliis
362 2260 454 2329 iilius
492 2283 560 2350 quo
597 2259 763 2351 magistro
798 2283 884 2328 usus
926 2264 1016 2329 esset
1048 2262 1158 2352 magis
1205 2261 1392 2330 obedienter

182 2421 345 2510 acceptis,
381 2419 422 2488 de
462 2420 679 2511 poematibus
704 2419 876 2509 judicium
918 2420 1127 2490 benevolum
1171 2421 1274 2491 ferret
1313 2423 1392 2511 quod

185 2582 414 2676 ephemeridis
452 2586 566 2651 rector
598 2582 749 2671 optabat.
791 2580 906 2663 Quare
939 2581 1093 2649 carmina
1125 2582 1248 2672 juveni
1282 2586 1393 2674 permi-

184 2745 240 2830 sit,
275 2750 310 2813 et
338 2743 498 2813 invitavit
524 2765 604 2812 eum
632 2745 671 2811 ut
698 2764 787 2833 opus
818 2740 945 2833 legeret
982 2746 1016 2809 et
1055 2764 1174 2811 secum
1212 2745 1394 2813 communi·

182 2909 275 2976 caret
319 2903 485 2996 quidquid
523 2902 564 2971 de
596 2924 636 2972 eo
662 2902 816 2987 sentiret,
845 2903 885 2972 ut
922 2901 1012 2970 inter
1052 2902 1147 2993 ipsos
1189 2905 1392 2974 conveniret.

187 3067 275 3137 Cum
308 3065 413 3158 igitur
453 3087 514 3157 per
550 3086 586 3133 se
620 3063 736 3155 ipsum
777 3063 1050 3132 Sabate-Becco
1089 3062 1164 3155 jam
1200 3064 1317 3133 animo
1356 3066 1395 3133 ita

186 3228 398 3319 compositus
431 3230 522 3295 esset
553 3227 591 3293 ut
617 3224 811 3292 carminum
835 3224 957 3293 merita
980 3224 1171 3315 perciperet
1194 3230 1297 3315 atque
1324 3248 1394 3317 pro-

185 3390 294 3474 baret,
328 3386 437 3456 multo
470 3384 580 3476 magis
613 3384 716 3451 etiam
744 3383 898 3474 percepit
925 3387 959 3454 et
981 3384 1174 3475 praesertim
1219 3407 1326 3455 ausus
1353 3390 1396 3453 est

181 3547 341 3618 laudibus
375 3545 548 3616 extollere.
593 3546 783 3635 Postquam
811 3542 879 3611 duo
912 3542 1024 3634 capita
1061 3545 1271 3635 ephemeridi
1313 3545 1396 3613 inse

181 3712 310 3793 ruerat,
350 3706 471 3776 diebus
514 3706 620 3775 altero
653 3709 686 3773 et
714 3726 807 3774 nono
844 3704 972 3773 mensis
1004 3704 1172 3791 Januarii,
1212 3706 1396 3797 ephemeris

179 3869 254 3960 ipsa
293 3868 362 3957 (res
403 3864 542 3956 quidem
589 3864 689 3934 valde
732 3863 925 3955 inopinata)
967 3864 1097 3935 scholae
1134 3868 1396 3937 romanticorum

180 4028 261 4098 duci
289 4049 389 4118 opem
432 4031 532 4117 atque
566 4024 761 4096 subsidium
789 4025 876 4093 ferre
903 4025 979 4094 visa
1005 4030 1069 4096 est.
1442 4031 1444 4110 t

228 4185 330 4257 Haud
368 4188 548 4277 ignoratur
579 4185 708 4254 abhinc
732 4183 844 4275 magis
874 4206 915 4252 sc
954 4188 1064 4279 magis
1099 4188 1222 4258 intima
1259 4189 1395 4260 familia·

247 4630 279 4691 (1)
295 4627 353 4677 Vide
370 4626 436 4687 Lus,
455 4625 489 4674 Uo
502 4622 583 4673 mcitre
599 4623 626 4672 de
646 4621 822 4672 Sabate-Becco.
846 4623 1038 4686 (Gorrespoudunt,
1050 4624 1091 4676 25
1112 4639 1163 4689 apr.
1178 4624 1248 4685 1900,
1275 4642 1302 4691 p.
1319 4625 1397 4691 320):

187 4729 200 4763 n
215 4714 296 4766 caue
304 4716 375 4775 sumt
390 4712 506 4763 ledersein
515 4712 542 4761 de
551 4712 609 4771 [cire
621 4708 758 4759 mci-memo
771 4709 867 4759 tertiolo
876 4710 902 4760 de
916 4711 1097 4765 rthubilitation.
1113 4731 1128 4763 »
