2942 5100
688 465 848 532 „83-

206 654 244 712 Je
263 652 363 710 laisse
397 653 551 710 subsister
564 653 606 709 ici
620 670 654 710 ce
674 656 834 727 jugement
863 670 905 710 un
914 671 975 726 peu
995 660 1063 726 trop
1078 653 1192 721 ae'edre,
1211 669 1272 726 que
1285 655 1318 726 je
1332 671 1382 710 me

152 780 224 836 suis
235 779 383 852 applique
398 780 418 834 t
433 779 574 846 modifier
585 779 706 837 ensuite
721 787 753 834 et
765 781 785 835 a
799 779 830 835 la
847 779 907 835 fois
923 779 1086 835 amativer
1100 779 1182 836 dans
1204 796 1247 834 un
1276 778 1384 834 article

149 904 290 962 detacbc
305 920 359 962 sur
373 903 529 974 Bertaut(
544 904 569 974 ).

203 1186 337 1255 Eodem
377 1186 492 1255 animo
519 1185 733 1276 similemque
763 1187 806 1254 ob
845 1209 985 1254 causam
1009 1188 1082 1255 sine
1108 1187 1227 1272 dubio,
1244 1189 1382 1256 cumab

154 1347 292 1415 ultimis
341 1347 491 1416 classicis
534 1347 633 1415 valde
670 1346 830 1416 laudatus
869 1349 924 1427 sit,
972 1348 1199 1416 recentiorem
1243 1351 1386 1417 Grecset

154 1507 412 1577 detrectaverat
433 1531 441 1591 ;
464 1506 539 1596 jam
576 1508 705 1603 pariter
733 1508 860 1577 fatetur
881 1508 1148 1578 rescindendum
1173 1507 1346 1598 judicium
1377 1538 1385 1578 ι

213 1837 250 1893 Je
273 1854 323 1893 me
336 1844 457 1904 trouve,
469 1852 506 1891 en
522 1852 572 1892 me
586 1835 726 1903 relisant,
739 1835 830 1890 sinon
855 1843 922 1907 trop
934 1836 1058 1891 ssatteur
1070 1853 1150 1908 pour
1163 1836 1304 1906 Dnrand,
1320 1843 1388 1909 trop

155 1963 221 2017 dur
232 1979 273 2017 au
288 1962 388 2017 moins
397 1977 482 2033 pour
491 1960 627 2029 Gresset,
643 1960 719 2016 dont
733 1961 762 2016 le
773 1960 937 2016 cleermont
947 1967 1117 2032 perroquet
1125 1961 1224 2032 garde
1240 1961 1312 2016 bien
1336 1976 1388 2016 ses

154 2095 335 2160 avautages
349 2088 402 2159 (a).

205 2399 234 2466 E
263 2399 436 2466 contrario
466 2404 581 2468 autem
619 2404 737 2490 poetas
773 2399 981 2487 d'Aubiyoe'
1020 2404 1054 2467 et
1094 2401 1236 2468 Jodelte
1271 2401 1387 2469 nimiis

160 2559 324 2627 laudibus
368 2558 411 2627 ad
462 2560 589 2628 coelum
640 2561 820 2643 extulerat,
869 2562 961 2651 quod
1010 2561 1096 2630 alter
1137 2562 1302 2651 magistro
1355 2566 1389 2629 et

160 2718 273 2787 amico
312 2722 437 2789 Victor
449 2723 559 2806 Haeo
592 2720 816 2811 probabatur,
851 2722 937 2790 alter
964 2713 1151 2811 tragoedias
1183 2743 1390 2811 composue-

159 2883 216 2945 rat
244 2900 320 2968 quae
349 2879 385 2945 in
413 2879 530 2948 locum
560 2880 756 2949 fabularum
786 2884 967 2969 Mystdres
1001 2881 1171 2949 dictarum
1201 2881 1388 2949 successis-

163 3044 255 3122 sent,
286 3039 376 3107 sicut
403 3043 513 3127 Haeo
550 3040 705 3109 dramata
734 3042 907 3111 scribebat
934 3066 1011 3132 quaa
1039 3042 1075 3109 in
1108 3043 1225 3111 locum
1258 3047 1385 3133 tragoe-

159 3198 301 3267 diarum
345 3200 569 3268 succederent
616 3219 623 3280 ;
681 3224 787 3283 nunc,
835 3202 999 3291 quoniam
1043 3203 1145 3271 amici
1198 3202 1386 3271 auctoritas

159 3360 306 3428 omniuo
354 3381 523 3428 concussa
567 3365 619 3429 est
660 3365 694 3429 et
733 3361 854 3430 drama
900 3363 1132 3431 romanticum
1177 3361 1220 3429 ad
1262 3383 1386 3451 parum

157 3518 299 3589 felicem
339 3520 469 3588 exitum
503 3520 692 3589 adductum
743 3526 806 3607 est,
851 3521 891 3590 de
940 3524 1147 3610 d’Aebiyrcd
1180 3528 1213 3591 et
1244 3524 1387 3591 Jodelle

159 3678 372 3747 sententiam
409 3682 531 3748 mutat.
567 3680 619 3747 lta
647 3679 739 3747 enim
771 3680 916 3749 scribit:

216 4038 304 4099 Getta
318 4038 369 4099 vie
388 4048 419 4099 et
434 4057 468 4099 ce
483 4040 643 4099 caractere
674 4037 714 4098 de
743 4037 916 4112 d’Aubigne
934 4049 1015 4097 'sont
1027 4041 1188 4115 pre'sentds
1211 4046 1251 4102 ici
1269 4063 1313 4103 un
1321 4061 1386 4119 peu

82 4164 85 4167 ’
161 4173 288 4241 tropen
306 4166 390 4224 beau.
405 4166 441 4225 Je
454 4167 518 4225 n’ai
531 4184 590 4241 pas
613 4183 703 4228 assez
724 4174 797 4224 tenu
823 4172 946 4239 compte
972 4166 1012 4223 de
1032 4166 1064 4225 la
1078 4170 1241 4225 mauvaise
1255 4168 1387 4226 bumeur

229 4590 262 4653 (l)
281 4588 338 4639 Vide
351 4589 384 4647 G,
401 4586 461 4640 111
472 4588 543 4639 adnot
557 4595 581 4637 et
595 4586 658 4647 1.,1,
672 4584 734 4639 195
750 4587 830 4639 adnot.

228 4700 262 4768 (2)
276 4704 334 4755 Vide
345 4704 377 4766 G,
393 4703 456 4755 128
469 4703 542 4753 adnot
556 4710 579 4751 et
590 4703 623 4763 1..
641 4701 661 4761 l,
675 4701 738 4753 22³
753 4702 834 4751 adnot.
