<?xml version="1.0" encoding="UTF-8"?>
<!DOCTYPE html PUBLIC "-//W3C//DTD XHTML 1.0 Transitional//EN"
    "http://www.w3.org/TR/xhtml1/DTD/xhtml1-transitional.dtd">
<html xmlns="http://www.w3.org/1999/xhtml" xml:lang="en" lang="en">
 <head>
  <title>
</title>
<meta http-equiv="Content-Type" content="text/html;charset=utf-8" />
  <meta name='ocr-system' content='tesseract 3.04.00' />
  <meta name='ocr-capabilities' content='ocr_page ocr_carea ocr_par ocr_line ocrx_word'/>
</head>
<body>
  <div class='ocr_page' id='page_1' title='image "./quibusrationibu00michgoog_0022.png"; bbox 0 0 2942 5100; ppageno 0'>
   <div class='ocr_carea' id='block_1_1' title="bbox 645 474 805 538">
    <p class='ocr_par' dir='ltr' id='par_1_1' title="bbox 645 474 805 538">
     <span class='ocr_line' id='line_1_1' title="bbox 645 474 805 538; baseline -0.006 -18"><span class='ocrx_word' id='word_1_1' title='bbox 645 474 805 538; x_wconf 78' lang='lat'><strong>..12.·.·</strong></span> 
     </span>
    </p>
   </div>
   <div class='ocr_carea' id='block_1_2' title="bbox 112 655 1340 749">
    <p class='ocr_par' dir='ltr' id='par_1_2' title="bbox 112 655 1340 749">
     <span class='ocr_line' id='line_1_2' title="bbox 112 655 1340 749; baseline 0.003 -24"><span class='ocrx_word' id='word_1_2' title='bbox 112 655 220 725; x_wconf 90' lang='lat' dir='ltr'>oculis</span> <span class='ocrx_word' id='word_1_3' title='bbox 267 656 447 749; x_wconf 76' lang='lat' dir='ltr'>complecti</span> <span class='ocrx_word' id='word_1_4' title='bbox 481 656 655 748; x_wconf 89' lang='lat' dir='ltr'>possimus</span> <span class='ocrx_word' id='word_1_5' title='bbox 706 659 789 748; x_wconf 90' lang='lat' dir='ltr'>quid</span> <span class='ocrx_word' id='word_1_6' title='bbox 832 659 874 729; x_wconf 90' lang='lat' dir='ltr'>de</span> <span class='ocrx_word' id='word_1_7' title='bbox 912 660 1139 730; x_wconf 83' lang='lat' dir='ltr'>romaniismo</span> <span class='ocrx_word' id='word_1_8' title='bbox 1190 659 1340 729; x_wconf 85' lang='lat' dir='ltr'>diversis</span> 
     </span>
    </p>
   </div>
   <div class='ocr_carea' id='block_1_3' title="bbox 112 809 1068 912">
    <p class='ocr_par' dir='ltr' id='par_1_3' title="bbox 112 809 1068 912">
     <span class='ocr_line' id='line_1_3' title="bbox 112 809 1068 912; baseline 0.006 -27"><span class='ocrx_word' id='word_1_9' title='bbox 112 809 325 908; x_wconf 68' lang='lat' dir='ltr'>temporibus</span> <span class='ocrx_word' id='word_1_10' title='bbox 354 817 488 888; x_wconf 89' lang='lat' dir='ltr'>diverse</span> <span class='ocrx_word' id='word_1_11' title='bbox 520 818 666 887; x_wconf 76' lang='lat' dir='ltr'>senserit</span> <span class='ocrx_word' id='word_1_12' title='bbox 697 820 971 890; x_wconf 72' lang='lat' dir='ltr'>seinte-Becco</span> <span class='ocrx_word' id='word_1_13' title='bbox 1007 821 1068 912; x_wconf 83' lang='lat' dir='ltr'>(i).</span> 
     </span>
    </p>
   </div>
   <div class='ocr_carea' id='block_1_4' title="bbox 109 1246 1333 1399">
    <p class='ocr_par' dir='ltr' id='par_1_4' title="bbox 109 1246 1333 1399">
     <span class='ocr_line' id='line_1_4' title="bbox 157 1246 1333 1313; baseline 0.005 -18"><span class='ocrx_word' id='word_1_14' title='bbox 157 1247 191 1310; x_wconf 89' lang='lat' dir='ltr'>(i)</span> <span class='ocrx_word' id='word_1_15' title='bbox 208 1246 238 1296; x_wconf 90' lang='lat' dir='ltr'>Ut</span> <span class='ocrx_word' id='word_1_16' title='bbox 250 1246 378 1308; x_wconf 77' lang='lat' dir='ltr'>legitimum</span> <span class='ocrx_word' id='word_1_17' title='bbox 392 1246 527 1304; x_wconf 85' lang='lat' dir='ltr'>lectoribus,</span> <span class='ocrx_word' id='word_1_18' title='bbox 543 1254 608 1311; x_wconf 82' lang='lat' dir='ltr'>puto,</span> <span class='ocrx_word' id='word_1_19' title='bbox 626 1246 750 1306; x_wconf 85' lang='lat' dir='ltr'>videbitur.</span> <span class='ocrx_word' id='word_1_20' title='bbox 763 1248 842 1298; x_wconf 81' lang='lat' dir='ltr'>omnis</span> <span class='ocrx_word' id='word_1_21' title='bbox 856 1249 938 1299; x_wconf 92' lang='lat' dir='ltr'>omitto</span> <span class='ocrx_word' id='word_1_22' title='bbox 953 1249 988 1313; x_wconf 91' lang='lat' dir='ltr'>(in</span> <span class='ocrx_word' id='word_1_23' title='bbox 1006 1249 1050 1299; x_wconf 80' lang='lat' dir='ltr'>bec</span> <span class='ocrx_word' id='word_1_24' title='bbox 1064 1249 1149 1300; x_wconf 78' lang='lat' dir='ltr'>saltem</span> <span class='ocrx_word' id='word_1_25' title='bbox 1162 1249 1333 1302; x_wconf 76' lang='lat' dir='ltr'>dissertatione</span> 
     </span>
     <span class='ocr_line' id='line_1_5' title="bbox 109 1335 765 1399; baseline 0 -13"><span class='ocrx_word' id='word_1_26' title='bbox 109 1335 242 1399; x_wconf 82' lang='lat' dir='ltr'>scribenda)</span> <span class='ocrx_word' id='word_1_27' title='bbox 257 1350 309 1398; x_wconf 81' lang='lat' dir='ltr'>quse</span> <span class='ocrx_word' id='word_1_28' title='bbox 321 1336 400 1387; x_wconf 81' lang='lat' dir='ltr'>inanis</span> <span class='ocrx_word' id='word_1_29' title='bbox 417 1343 440 1387; x_wconf 87' lang='lat' dir='ltr'>et</span> <span class='ocrx_word' id='word_1_30' title='bbox 451 1336 543 1388; x_wconf 86' lang='lat' dir='ltr'>minimi</span> <span class='ocrx_word' id='word_1_31' title='bbox 559 1337 674 1387; x_wconf 81' lang='lat' dir='ltr'>momenti</span> <span class='ocrx_word' id='word_1_32' title='bbox 688 1343 765 1386; x_wconf 85' lang='lat' dir='ltr'>sunt:</span> 
     </span>
    </p>
   </div>
   <div class='ocr_carea' id='block_1_5' title="bbox 157 1496 1124 1671">
    <p class='ocr_par' dir='ltr' id='par_1_5' title="bbox 157 1496 1124 1671">
     <span class='ocr_line' id='line_1_6' title="bbox 157 1496 846 1561; baseline 0.003 -15"><span class='ocrx_word' id='word_1_33' title='bbox 157 1510 164 1546; x_wconf 90' lang='lat'>:</span> <span class='ocrx_word' id='word_1_34' title='bbox 181 1496 236 1547; x_wconf 85' lang='lat' dir='ltr'>vitis</span> <span class='ocrx_word' id='word_1_35' title='bbox 250 1501 384 1560; x_wconf 75' lang='lat' dir='ltr'>expurgate,</span> <span class='ocrx_word' id='word_1_36' title='bbox 397 1511 450 1560; x_wconf 79' lang='lat' dir='ltr'>quo</span> <span class='ocrx_word' id='word_1_37' title='bbox 462 1497 526 1560; x_wconf 71' lang='lat' dir='ltr'>typis</span> <span class='ocrx_word' id='word_1_38' title='bbox 541 1498 620 1561; x_wconf 85' lang='lat' dir='ltr'>inepto</span> <span class='ocrx_word' id='word_1_39' title='bbox 635 1496 744 1548; x_wconf 79' lang='lat' dir='ltr'>mandute</span> <span class='ocrx_word' id='word_1_40' title='bbox 760 1504 846 1548; x_wconf 79' lang='lat' dir='ltr'>erent:</span> 
     </span>
     <span class='ocr_line' id='line_1_7' title="bbox 295 1612 1124 1671; baseline 0.001 -14"><span class='ocrx_word' id='word_1_41' title='bbox 295 1612 507 1669; x_wconf 68' lang='lat' dir='ltr'>nummu</span> <span class='ocrx_word' id='word_1_42' title='bbox 963 1613 1124 1671; x_wconf 57' lang='lat' dir='ltr'>numm</span> 
     </span>
    </p>
   </div>
   <div class='ocr_carea' id='block_1_6' title="bbox 109 1720 991 1780">
    <p class='ocr_par' dir='ltr' id='par_1_6' title="bbox 109 1720 991 1780">
     <span class='ocr_line' id='line_1_8' title="bbox 109 1720 991 1780; baseline 0.001 -13"><span class='ocrx_word' id='word_1_43' title='bbox 109 1722 151 1768; x_wconf 86' lang='lat' dir='ltr'>des</span> <span class='ocrx_word' id='word_1_44' title='bbox 163 1733 247 1780; x_wconf 81' lang='lat' dir='ltr'>geures</span> <span class='ocrx_word' id='word_1_45' title='bbox 258 1723 353 1767; x_wconf 76' lang='lat' dir='ltr'>memes</span> <span class='ocrx_word' id='word_1_46' title='bbox 363 1721 392 1766; x_wconf 92' lang='lat' dir='ltr'>de</span> <span class='ocrx_word' id='word_1_47' title='bbox 406 1721 486 1778; x_wconf 78' lang='lat' dir='ltr'>poesie</span> <span class='ocrx_word' id='word_1_48' title='bbox 747 1720 789 1767; x_wconf 85' lang='lat' dir='ltr'>des</span> <span class='ocrx_word' id='word_1_49' title='bbox 801 1733 894 1766; x_wconf 78' lang='lat' dir='ltr'>monus</span> <span class='ocrx_word' id='word_1_50' title='bbox 905 1734 991 1780; x_wconf 78' lang='lat' dir='ltr'>gentes</span> 
     </span>
    </p>
   </div>
   <div class='ocr_carea' id='block_1_7' title="bbox 158 1881 1206 2055">
    <p class='ocr_par' dir='ltr' id='par_1_7' title="bbox 158 1881 1206 2055">
     <span class='ocr_line' id='line_1_9' title="bbox 158 1881 1206 1946; baseline 0.001 -13"><span class='ocrx_word' id='word_1_51' title='bbox 158 1899 165 1933; x_wconf 74' lang='grc' dir='ltr'><strong>ι</strong></span> <span class='ocrx_word' id='word_1_52' title='bbox 183 1883 252 1933; x_wconf 81' lang='lat' dir='ltr'>verbe</span> <span class='ocrx_word' id='word_1_53' title='bbox 265 1883 387 1944; x_wconf 73' lang='lat' dir='ltr'>elegantis</span> <span class='ocrx_word' id='word_1_54' title='bbox 398 1881 583 1946; x_wconf 73' lang='lat' dir='ltr'>jucunditatisre</span> <span class='ocrx_word' id='word_1_55' title='bbox 599 1896 679 1944; x_wconf 82' lang='lat' dir='ltr'>ceusu,</span> <span class='ocrx_word' id='word_1_56' title='bbox 696 1883 822 1933; x_wconf 88' lang='lat' dir='ltr'>sententiis</span> <span class='ocrx_word' id='word_1_57' title='bbox 838 1883 936 1934; x_wconf 89' lang='lat' dir='ltr'>minime</span> <span class='ocrx_word' id='word_1_58' title='bbox 950 1886 1081 1943; x_wconf 84' lang='lat' dir='ltr'>conversis,</span> <span class='ocrx_word' id='word_1_59' title='bbox 1098 1891 1206 1936; x_wconf 72' lang='lat' dir='ltr'>mutatu:</span> 
     </span>
     <span class='ocr_line' id='line_1_10' title="bbox 296 1997 1123 2055; baseline 0.002 -13"><span class='ocrx_word' id='word_1_60' title='bbox 296 2000 324 2042; x_wconf 72' lang='lat' dir='ltr'>d.</span> <span class='ocrx_word' id='word_1_61' title='bbox 339 2001 368 2042; x_wconf 77' lang='lat'>1·‘</span> <span class='ocrx_word' id='word_1_62' title='bbox 382 2001 442 2055; x_wconf 84' lang='lat' dir='ltr'>sept.</span> <span class='ocrx_word' id='word_1_63' title='bbox 454 1997 507 2044; x_wconf 75' lang='lat'>{827</span> <span class='ocrx_word' id='word_1_64' title='bbox 961 2000 990 2044; x_wconf 80' lang='lat' dir='ltr'>L.</span> <span class='ocrx_word' id='word_1_65' title='bbox 1007 1999 1026 2054; x_wconf 87' lang='lat'>1,</span> <span class='ocrx_word' id='word_1_66' title='bbox 1039 2000 1123 2055; x_wconf 57' lang='lat'>8210</span> 
     </span>
    </p>
   </div>
   <div class='ocr_carea' id='block_1_8' title="bbox 110 2103 578 2151">
    <p class='ocr_par' dir='ltr' id='par_1_8' title="bbox 110 2103 578 2151">
     <span class='ocr_line' id='line_1_11' title="bbox 110 2103 578 2151; baseline -0.002 0"><span class='ocrx_word' id='word_1_67' title='bbox 110 2105 156 2151; x_wconf 88' lang='lat' dir='ltr'>Les</span> <span class='ocrx_word' id='word_1_68' title='bbox 167 2105 268 2150; x_wconf 78' lang='lat' dir='ltr'>lauriers</span> <span class='ocrx_word' id='word_1_69' title='bbox 276 2105 408 2150; x_wconf 63' lang='lat' dir='ltr'>enthecas</span> <span class='ocrx_word' id='word_1_70' title='bbox 423 2108 448 2150; x_wconf 84' lang='lat' dir='ltr'>st</span> <span class='ocrx_word' id='word_1_71' title='bbox 463 2105 492 2150; x_wconf 93' lang='lat' dir='ltr'>de</span> <span class='ocrx_word' id='word_1_72' title='bbox 502 2103 578 2150; x_wconf 87' lang='lat' dir='ltr'>Rome</span> 
     </span>
    </p>
   </div>
   <div class='ocr_carea' id='block_1_9' title="bbox 109 2132 1141 2241">
    <p class='ocr_par' dir='ltr' id='par_1_9' title="bbox 109 2132 1141 2241">
     <span class='ocr_line' id='line_1_12' title="bbox 748 2132 1141 2190; baseline 0.003 -13"><span class='ocrx_word' id='word_1_73' title='bbox 748 2132 896 2178; x_wconf 79' lang='lat' dir='ltr'>entecaient</span> <span class='ocrx_word' id='word_1_74' title='bbox 908 2145 947 2178; x_wconf 90' lang='lat' dir='ltr'>ces</span> <span class='ocrx_word' id='word_1_75' title='bbox 961 2134 1045 2190; x_wconf 77' lang='lat' dir='ltr'>jeunes</span> <span class='ocrx_word' id='word_1_76' title='bbox 1057 2145 1141 2180; x_wconf 80' lang='lat' dir='ltr'>occurs.</span> 
     </span>
     <span class='ocr_line' id='line_1_13' title="bbox 109 2184 514 2241; baseline -0.002 -10"><span class='ocrx_word' id='word_1_77' title='bbox 109 2184 273 2231; x_wconf 82' lang='lat' dir='ltr'>eoulecas&#39;ent</span> <span class='ocrx_word' id='word_1_78' title='bbox 285 2197 323 2230; x_wconf 90' lang='lat' dir='ltr'>ces</span> <span class='ocrx_word' id='word_1_79' title='bbox 337 2184 420 2241; x_wconf 73' lang='lat' dir='ltr'>leuues</span> <span class='ocrx_word' id='word_1_80' title='bbox 432 2197 514 2230; x_wconf 86' lang='lat' dir='ltr'>coeurs.</span> 
     </span>
    </p>
   </div>
   <div class='ocr_carea' id='block_1_10' title="bbox 269 2319 1132 2377">
    <p class='ocr_par' dir='ltr' id='par_1_10' title="bbox 269 2319 1132 2377">
     <span class='ocr_line' id='line_1_14' title="bbox 269 2319 1132 2377; baseline 0.001 -12"><span class='ocrx_word' id='word_1_81' title='bbox 269 2323 298 2365; x_wconf 74' lang='lat'>(1.</span> <span class='ocrx_word' id='word_1_82' title='bbox 311 2321 338 2364; x_wconf 82' lang='lat'>29</span> <span class='ocrx_word' id='word_1_83' title='bbox 350 2319 472 2365; x_wconf 75' lang='lat' dir='ltr'>decembre</span> <span class='ocrx_word' id='word_1_84' title='bbox 484 2320 537 2366; x_wconf 78' lang='lat'>1827</span> <span class='ocrx_word' id='word_1_85' title='bbox 948 2323 977 2366; x_wconf 84' lang='lat'>1..</span> <span class='ocrx_word' id='word_1_86' title='bbox 996 2321 1015 2375; x_wconf 92' lang='lat' dir='ltr'>l,</span> <span class='ocrx_word' id='word_1_87' title='bbox 1027 2323 1089 2377; x_wconf 77' lang='lat'>226,</span> <span class='ocrx_word' id='word_1_88' title='bbox 1107 2322 1132 2366; x_wconf 88' lang='lat' dir='ltr'>li</span> 
     </span>
    </p>
   </div>
   <div class='ocr_carea' id='block_1_11' title="bbox 111 2427 695 2557">
    <p class='ocr_par' dir='ltr' id='par_1_11' title="bbox 111 2427 695 2557">
     <span class='ocr_line' id='line_1_15' title="bbox 112 2427 695 2485; baseline -0.002 -12"><span class='ocrx_word' id='word_1_89' title='bbox 112 2428 149 2473; x_wconf 91' lang='lat' dir='ltr'>On</span> <span class='ocrx_word' id='word_1_90' title='bbox 168 2428 241 2474; x_wconf 82' lang='lat' dir='ltr'>diruit</span> <span class='ocrx_word' id='word_1_91' title='bbox 261 2427 343 2472; x_wconf 88' lang='lat' dir='ltr'>Lelius</span> <span class='ocrx_word' id='word_1_92' title='bbox 364 2430 388 2473; x_wconf 90' lang='lat' dir='ltr'>et</span> <span class='ocrx_word' id='word_1_93' title='bbox 406 2427 505 2484; x_wconf 87' lang='lat' dir='ltr'>Scipion</span> <span class='ocrx_word' id='word_1_94' title='bbox 523 2428 607 2485; x_wconf 79' lang='lat' dir='ltr'>jcueut</span> <span class='ocrx_word' id='word_1_95' title='bbox 626 2429 695 2484; x_wconf 81' lang='lat' dir='ltr'>apres</span> 
     </span>
     <span class='ocr_line' id='line_1_16' title="bbox 111 2508 421 2557; baseline -0.006 -2"><span class='ocrx_word' id='word_1_96' title='bbox 111 2509 177 2555; x_wconf 83' lang='lat' dir='ltr'>svoir</span> <span class='ocrx_word' id='word_1_97' title='bbox 192 2510 233 2553; x_wconf 79' lang='lat' dir='ltr'>ote</span> <span class='ocrx_word' id='word_1_98' title='bbox 242 2509 296 2555; x_wconf 86' lang='lat' dir='ltr'>leur</span> <span class='ocrx_word' id='word_1_99' title='bbox 307 2508 421 2557; x_wconf 74' lang='lat' dir='ltr'>ceinture.</span> 
     </span>
    </p>
   </div>
   <div class='ocr_carea' id='block_1_12' title="bbox 749 2453 1050 2501">
    <p class='ocr_par' dir='ltr' id='par_1_12' title="bbox 749 2453 1050 2501">
     <span class='ocr_line' id='line_1_17' title="bbox 749 2453 1050 2501; baseline 0.007 -2"><span class='ocrx_word' id='word_1_100' title='bbox 749 2453 851 2499; x_wconf 62' lang='lat' dir='ltr'>denum</span> <span class='ocrx_word' id='word_1_101' title='bbox 867 2455 922 2501; x_wconf 90' lang='lat' dir='ltr'>leur</span> <span class='ocrx_word' id='word_1_102' title='bbox 934 2456 1050 2501; x_wconf 88' lang='lat' dir='ltr'>ceinture.</span> 
     </span>
    </p>
   </div>
   <div class='ocr_carea' id='block_1_13' title="bbox 112 2642 1332 2798">
    <p class='ocr_par' dir='ltr' id='par_1_13' title="bbox 112 2642 1332 2798">
     <span class='ocr_line' id='line_1_18' title="bbox 157 2642 1332 2708; baseline 0.002 -14"><span class='ocrx_word' id='word_1_103' title='bbox 157 2657 163 2695; x_wconf 94' lang='lat'><strong>:</strong></span> <span class='ocrx_word' id='word_1_104' title='bbox 180 2643 246 2693; x_wconf 89' lang='lat' dir='ltr'>locos</span> <span class='ocrx_word' id='word_1_105' title='bbox 259 2644 330 2693; x_wconf 81' lang='lat' dir='ltr'>etium</span> <span class='ocrx_word' id='word_1_106' title='bbox 341 2642 465 2706; x_wconf 78' lang='lat' dir='ltr'>adjunctos</span> <span class='ocrx_word' id='word_1_107' title='bbox 474 2652 497 2694; x_wconf 91' lang='lat' dir='ltr'>et</span> <span class='ocrx_word' id='word_1_108' title='bbox 510 2657 606 2695; x_wconf 86' lang='lat' dir='ltr'>errores</span> <span class='ocrx_word' id='word_1_109' title='bbox 618 2644 722 2695; x_wconf 83' lang='lat' dir='ltr'>sublatos</span> <span class='ocrx_word' id='word_1_110' title='bbox 734 2651 758 2694; x_wconf 89' lang='lat' dir='ltr'>et</span> <span class='ocrx_word' id='word_1_111' title='bbox 769 2657 809 2694; x_wconf 86' lang='lat' dir='ltr'>res</span> <span class='ocrx_word' id='word_1_112' title='bbox 826 2643 928 2707; x_wconf 89' lang='lat' dir='ltr'>primum</span> <span class='ocrx_word' id='word_1_113' title='bbox 942 2652 1030 2695; x_wconf 86' lang='lat' dir='ltr'>temere</span> <span class='ocrx_word' id='word_1_114' title='bbox 1040 2644 1162 2708; x_wconf 80' lang='lat' dir='ltr'>expositus</span> <span class='ocrx_word' id='word_1_115' title='bbox 1183 2646 1332 2696; x_wconf 81' lang='lat' dir='ltr'>uccumtius</span> 
     </span>
     <span class='ocr_line' id='line_1_19' title="bbox 112 2732 503 2798; baseline 0 -15"><span class='ocrx_word' id='word_1_116' title='bbox 112 2732 297 2798; x_wconf 85' lang='lat' dir='ltr'>prudentiusque</span> <span class='ocrx_word' id='word_1_117' title='bbox 312 2740 394 2797; x_wconf 85' lang='lat' dir='ltr'>postea</span> <span class='ocrx_word' id='word_1_118' title='bbox 411 2732 503 2783; x_wconf 88' lang='lat' dir='ltr'>dictus:</span> 
     </span>
    </p>
   </div>
   <div class='ocr_carea' id='block_1_14' title="bbox 378 2849 1111 2905">
    <p class='ocr_par' dir='ltr' id='par_1_14' title="bbox 378 2849 1111 2905">
     <span class='ocr_line' id='line_1_20' title="bbox 378 2849 1111 2905; baseline 0.001 -12"><span class='ocrx_word' id='word_1_119' title='bbox 378 2851 430 2893; x_wconf 67' lang='grc' dir='ltr'><strong>Μ</strong></span> <span class='ocrx_word' id='word_1_120' title='bbox 974 2849 1111 2905; x_wconf 75' lang='lat'><strong>1..1,12‚8</strong></span> 
     </span>
    </p>
   </div>
   <div class='ocr_carea' id='block_1_15' title="bbox 109 2956 1258 3255">
    <p class='ocr_par' dir='ltr' id='par_1_15' title="bbox 111 2956 695 3013">
     <span class='ocr_line' id='line_1_21' title="bbox 111 2956 695 3013; baseline 0.003 -12"><span class='ocrx_word' id='word_1_121' title='bbox 111 2956 145 3001; x_wconf 83' lang='lat' dir='ltr'>Lu</span> <span class='ocrx_word' id='word_1_122' title='bbox 159 2956 265 3001; x_wconf 84' lang='lat' dir='ltr'>croissde</span> <span class='ocrx_word' id='word_1_123' title='bbox 277 2956 319 3001; x_wconf 90' lang='lat' dir='ltr'>des</span> <span class='ocrx_word' id='word_1_124' title='bbox 330 2956 479 3013; x_wconf 80' lang='lat' dir='ltr'>Albigecis...</span> <span class='ocrx_word' id='word_1_125' title='bbox 493 2958 546 3003; x_wconf 84' lang='lat' dir='ltr'>tout</span> <span class='ocrx_word' id='word_1_126' title='bbox 556 2968 586 3001; x_wconf 87' lang='lat' dir='ltr'>en</span> <span class='ocrx_word' id='word_1_127' title='bbox 597 2956 695 3003; x_wconf 85' lang='lat' dir='ltr'>ruinsnt</span> 
     </span>
    </p>

    <p class='ocr_par' dir='ltr' id='par_1_16' title="bbox 109 3035 1258 3172">
     <span class='ocr_line' id='line_1_22' title="bbox 109 3035 1258 3093; baseline 0.002 -12"><span class='ocrx_word' id='word_1_128' title='bbox 109 3037 133 3081; x_wconf 79' lang='lat' dir='ltr'>la</span> <span class='ocrx_word' id='word_1_129' title='bbox 154 3035 265 3081; x_wconf 83' lang='lat' dir='ltr'>brillaute</span> <span class='ocrx_word' id='word_1_130' title='bbox 286 3036 363 3091; x_wconf 78' lang='lat' dir='ltr'>patrie</span> <span class='ocrx_word' id='word_1_131' title='bbox 384 3036 426 3081; x_wconf 90' lang='lat' dir='ltr'>des</span> <span class='ocrx_word' id='word_1_132' title='bbox 446 3036 621 3091; x_wconf 67' lang='lat' dir='ltr'>:uoubsdours</span> <span class='ocrx_word' id='word_1_133' title='bbox 643 3036 693 3081; x_wconf 82' lang='lat' dir='ltr'>dut</span> <span class='ocrx_word' id='word_1_134' title='bbox 749 3035 793 3082; x_wconf 88' lang='lat' dir='ltr'>dut</span> <span class='ocrx_word' id='word_1_135' title='bbox 808 3037 954 3092; x_wconf 80' lang='lat' dir='ltr'>contribuet,</span> <span class='ocrx_word' id='word_1_136' title='bbox 967 3050 995 3081; x_wconf 87' lang='lat' dir='ltr'>ce</span> <span class='ocrx_word' id='word_1_137' title='bbox 1008 3036 1113 3093; x_wconf 82' lang='lat' dir='ltr'>semble,</span> <span class='ocrx_word' id='word_1_138' title='bbox 1129 3038 1258 3084; x_wconf 78' lang='lat' dir='ltr'>derricbir</span> 
     </span>
     <span class='ocr_line' id='line_1_23' title="bbox 111 3116 693 3172; baseline 0.002 -11"><span class='ocrx_word' id='word_1_139' title='bbox 111 3117 246 3161; x_wconf 82' lang='lat' dir='ltr'>contribuet</span> <span class='ocrx_word' id='word_1_140' title='bbox 261 3118 274 3161; x_wconf 77' lang='lat' dir='ltr'>d</span> <span class='ocrx_word' id='word_1_141' title='bbox 286 3116 389 3161; x_wconf 88' lang='lat' dir='ltr'>enricbir</span> <span class='ocrx_word' id='word_1_142' title='bbox 398 3116 433 3161; x_wconf 88' lang='lat' dir='ltr'>les</span> <span class='ocrx_word' id='word_1_143' title='bbox 442 3119 571 3171; x_wconf 70' lang='lat' dir='ltr'>berveres,</span> <span class='ocrx_word' id='word_1_144' title='bbox 583 3117 613 3161; x_wconf 89' lang='lat' dir='ltr'>de</span> <span class='ocrx_word' id='word_1_145' title='bbox 625 3118 693 3172; x_wconf 90' lang='lat' dir='ltr'>quel·</span> 
     </span>
    </p>

    <p class='ocr_par' dir='ltr' id='par_1_17' title="bbox 113 3197 485 3255">
     <span class='ocr_line' id='line_1_24' title="bbox 113 3197 485 3255; baseline -0.008 -11"><span class='ocrx_word' id='word_1_146' title='bbox 113 3210 158 3255; x_wconf 89' lang='lat' dir='ltr'>que</span> <span class='ocrx_word' id='word_1_147' title='bbox 165 3198 260 3255; x_wconf 90' lang='lat' dir='ltr'>portion</span> <span class='ocrx_word' id='word_1_148' title='bbox 270 3198 300 3243; x_wconf 91' lang='lat' dir='ltr'>de</span> <span class='ocrx_word' id='word_1_149' title='bbox 314 3198 366 3243; x_wconf 89' lang='lat' dir='ltr'>leur</span> <span class='ocrx_word' id='word_1_150' title='bbox 378 3197 485 3253; x_wconf 77' lang='lat' dir='ltr'>heritege</span> 
     </span>
    </p>
   </div>
   <div class='ocr_carea' id='block_1_16' title="bbox 376 3305 1106 3377">
    <p class='ocr_par' dir='ltr' id='par_1_18' title="bbox 376 3305 1106 3377">
     <span class='ocr_line' id='line_1_25' title="bbox 376 3305 1106 3377; baseline 0.003 -27"><span class='ocrx_word' id='word_1_151' title='bbox 376 3331 429 3377; x_wconf 39' lang='grc' dir='ltr'>ΕΒ</span> <span class='ocrx_word' id='word_1_152' title='bbox 963 3305 1106 3362; x_wconf 65' lang='lat' dir='ltr'>nurse</span> 
     </span>
    </p>
   </div>
   <div class='ocr_carea' id='block_1_17' title="bbox 110 3436 694 3729">
    <p class='ocr_par' dir='ltr' id='par_1_19' title="bbox 110 3436 694 3729">
     <span class='ocr_line' id='line_1_26' title="bbox 114 3436 694 3498; baseline -0.003 -15"><span class='ocrx_word' id='word_1_153' title='bbox 114 3438 151 3484; x_wconf 92' lang='lat' dir='ltr'>On</span> <span class='ocrx_word' id='word_1_154' title='bbox 177 3439 270 3495; x_wconf 76' lang='lat' dir='ltr'>concolt</span> <span class='ocrx_word' id='word_1_155' title='bbox 294 3441 369 3483; x_wconf 75' lang='lat' dir='ltr'>meme</span> <span class='ocrx_word' id='word_1_156' title='bbox 387 3438 508 3498; x_wconf 38' lang='lat' dir='ltr'>queploiu</span> <span class='ocrx_word' id='word_1_157' title='bbox 529 3436 652 3482; x_wconf 72' lang='lat' dir='ltr'>d&#39;ttouffer</span> <span class='ocrx_word' id='word_1_158' title='bbox 670 3437 694 3481; x_wconf 81' lang='lat' dir='ltr'>lc</span> 
     </span>
     <span class='ocr_line' id='line_1_27' title="bbox 111 3517 694 3577; baseline -0.003 -12"><span class='ocrx_word' id='word_1_159' title='bbox 111 3520 199 3575; x_wconf 84' lang='lat' dir='ltr'>poesie,</span> <span class='ocrx_word' id='word_1_160' title='bbox 218 3520 276 3565; x_wconf 91' lang='lat' dir='ltr'>elles</span> <span class='ocrx_word' id='word_1_161' title='bbox 298 3521 342 3575; x_wconf 89' lang='lat' dir='ltr'>[ies</span> <span class='ocrx_word' id='word_1_162' title='bbox 358 3532 454 3577; x_wconf 78' lang='lat' dir='ltr'>guerres</span> <span class='ocrx_word' id='word_1_163' title='bbox 470 3517 694 3574; x_wconf 78' lang='lat' dir='ltr'>frenco-sngiaises]</span> 
     </span>
     <span class='ocr_line' id='line_1_28' title="bbox 110 3600 693 3658; baseline -0.003 -11"><span class='ocrx_word' id='word_1_164' title='bbox 110 3602 209 3647; x_wconf 81' lang='lat' dir='ltr'>durent</span> <span class='ocrx_word' id='word_1_165' title='bbox 221 3600 373 3647; x_wconf 80' lang='lat' dir='ltr'>meintesiois</span> <span class='ocrx_word' id='word_1_166' title='bbox 385 3600 545 3658; x_wconf 79' lang='lat' dir='ltr'>inprovoquer</span> <span class='ocrx_word' id='word_1_167' title='bbox 554 3614 583 3647; x_wconf 91' lang='lat' dir='ltr'>en</span> <span class='ocrx_word' id='word_1_168' title='bbox 593 3601 628 3645; x_wconf 92' lang='lat' dir='ltr'>lul</span> <span class='ocrx_word' id='word_1_169' title='bbox 638 3602 693 3656; x_wconf 82' lang='lat' dir='ltr'>pre·</span> 
     </span>
     <span class='ocr_line' id='line_1_29' title="bbox 110 3682 420 3729; baseline -0.013 0"><span class='ocrx_word' id='word_1_170' title='bbox 110 3686 163 3729; x_wconf 82' lang='lat' dir='ltr'>tent</span> <span class='ocrx_word' id='word_1_171' title='bbox 174 3690 221 3727; x_wconf 87' lang='lat' dir='ltr'>une</span> <span class='ocrx_word' id='word_1_172' title='bbox 231 3682 299 3727; x_wconf 88' lang='lat' dir='ltr'>noble</span> <span class='ocrx_word' id='word_1_173' title='bbox 312 3684 420 3727; x_wconf 72' lang='lat' dir='ltr'>metiore.</span> 
     </span>
    </p>
   </div>
   <div class='ocr_carea' id='block_1_18' title="bbox 749 3494 1006 3539">
    <p class='ocr_par' dir='ltr' id='par_1_20' title="bbox 749 3494 1006 3539">
     <span class='ocr_line' id='line_1_30' title="bbox 749 3494 1006 3539; baseline 0 0"><span class='ocrx_word' id='word_1_174' title='bbox 749 3494 807 3539; x_wconf 90' lang='lat' dir='ltr'>elles</span> <span class='ocrx_word' id='word_1_175' title='bbox 826 3494 954 3539; x_wconf 80' lang='lat' dir='ltr'>auraient</span> <span class='ocrx_word' id='word_1_176' title='bbox 968 3494 1006 3539; x_wconf 81' lang='lat' dir='ltr'>de</span> 
     </span>
    </p>
   </div>
   <div class='ocr_carea' id='block_1_19' title="bbox 376 3815 1125 3871">
    <p class='ocr_par' dir='ltr' id='par_1_21' title="bbox 376 3815 1125 3871">
     <span class='ocr_line' id='line_1_31' title="bbox 376 3815 1125 3871; baseline 0 -11"><span class='ocrx_word' id='word_1_177' title='bbox 376 3818 429 3861; x_wconf 64' lang='lat' dir='ltr'>SA</span> <span class='ocrx_word' id='word_1_178' title='bbox 961 3817 990 3862; x_wconf 79' lang='lat'>1..</span> <span class='ocrx_word' id='word_1_179' title='bbox 1007 3815 1026 3871; x_wconf 92' lang='lat'>1,</span> <span class='ocrx_word' id='word_1_180' title='bbox 1040 3817 1084 3871; x_wconf 82' lang='lat'>1³,</span> <span class='ocrx_word' id='word_1_181' title='bbox 1097 3817 1125 3861; x_wconf 82' lang='lat' dir='ltr'>te</span> 
     </span>
    </p>
   </div>
   <div class='ocr_carea' id='block_1_20' title="bbox 111 3921 1338 4133">
    <p class='ocr_par' dir='ltr' id='par_1_22' title="bbox 111 3921 1338 4133">
     <span class='ocr_line' id='line_1_32' title="bbox 114 3921 1338 3983; baseline 0 -13"><span class='ocrx_word' id='word_1_182' title='bbox 114 3926 135 3971; x_wconf 91' lang='lat' dir='ltr'>il</span> <span class='ocrx_word' id='word_1_183' title='bbox 154 3940 169 3983; x_wconf 87' lang='lat' dir='ltr'><strong>y</strong></span> <span class='ocrx_word' id='word_1_184' title='bbox 184 3939 197 3970; x_wconf 84' lang='lat' dir='ltr'>e</span> <span class='ocrx_word' id='word_1_185' title='bbox 218 3926 335 3981; x_wconf 72' lang='lat' dir='ltr'>pendetis</span> <span class='ocrx_word' id='word_1_186' title='bbox 351 3924 426 3969; x_wconf 87' lang='lat' dir='ltr'>moins</span> <span class='ocrx_word' id='word_1_187' title='bbox 445 3922 474 3967; x_wconf 91' lang='lat' dir='ltr'>de</span> <span class='ocrx_word' id='word_1_188' title='bbox 486 3922 567 3967; x_wconf 85' lang='lat' dir='ltr'>dcticn</span> <span class='ocrx_word' id='word_1_189' title='bbox 581 3921 651 3977; x_wconf 89' lang='lat' dir='ltr'>qu&#39;cn</span> <span class='ocrx_word' id='word_1_190' title='bbox 663 3933 693 3966; x_wconf 89' lang='lat' dir='ltr'>ne</span> <span class='ocrx_word' id='word_1_191' title='bbox 748 3923 786 3969; x_wconf 91' lang='lat' dir='ltr'>On</span> <span class='ocrx_word' id='word_1_192' title='bbox 799 3936 824 3969; x_wconf 89' lang='lat' dir='ltr'>se</span> <span class='ocrx_word' id='word_1_193' title='bbox 841 3922 916 3980; x_wconf 83' lang='lat' dir='ltr'>prend</span> <span class='ocrx_word' id='word_1_194' title='bbox 936 3924 950 3967; x_wconf 78' lang='lat' dir='ltr'>d</span> <span class='ocrx_word' id='word_1_195' title='bbox 968 3926 1085 3979; x_wconf 80' lang='lat' dir='ltr'>regretter</span> <span class='ocrx_word' id='word_1_196' title='bbox 1097 3934 1152 3979; x_wconf 82' lang='lat' dir='ltr'>que,</span> <span class='ocrx_word' id='word_1_197' title='bbox 1171 3923 1302 3970; x_wconf 85' lang='lat' dir='ltr'>sentiment</span> <span class='ocrx_word' id='word_1_198' title='bbox 1313 3929 1338 3971; x_wconf 86' lang='lat' dir='ltr'>et</span> 
     </span>
     <span class='ocr_line' id='line_1_33' title="bbox 115 4002 1337 4063; baseline -0.002 -12"><span class='ocrx_word' id='word_1_199' title='bbox 115 4018 187 4063; x_wconf 90' lang='lat' dir='ltr'>pense</span> <span class='ocrx_word' id='word_1_200' title='bbox 201 4006 260 4051; x_wconf 89' lang='lat' dir='ltr'>dans</span> <span class='ocrx_word' id='word_1_201' title='bbox 272 4005 295 4050; x_wconf 89' lang='lat' dir='ltr'>le</span> <span class='ocrx_word' id='word_1_202' title='bbox 306 4004 394 4050; x_wconf 85' lang='lat' dir='ltr'>recueil</span> <span class='ocrx_word' id='word_1_203' title='bbox 407 4004 534 4049; x_wconf 77' lang='lat' dir='ltr'>attribuet</span> <span class='ocrx_word' id='word_1_204' title='bbox 546 4002 651 4049; x_wconf 83' lang='lat' dir='ltr'>Clctilde</span> <span class='ocrx_word' id='word_1_205' title='bbox 664 4002 694 4047; x_wconf 89' lang='lat' dir='ltr'>de</span> <span class='ocrx_word' id='word_1_206' title='bbox 747 4006 828 4059; x_wconf 82' lang='lat' dir='ltr'>forme,</span> <span class='ocrx_word' id='word_1_207' title='bbox 845 4007 898 4049; x_wconf 87' lang='lat' dir='ltr'>tout</span> <span class='ocrx_word' id='word_1_208' title='bbox 912 4004 960 4050; x_wconf 86' lang='lat' dir='ltr'>soit</span> <span class='ocrx_word' id='word_1_209' title='bbox 978 4003 1059 4049; x_wconf 82' lang='lat' dir='ltr'>diction</span> <span class='ocrx_word' id='word_1_210' title='bbox 1074 4004 1133 4050; x_wconf 86' lang='lat' dir='ltr'>duus</span> <span class='ocrx_word' id='word_1_211' title='bbox 1150 4004 1186 4049; x_wconf 86' lang='lat' dir='ltr'>les</span> <span class='ocrx_word' id='word_1_212' title='bbox 1197 4004 1291 4060; x_wconf 81' lang='lat' dir='ltr'>poesies</span> <span class='ocrx_word' id='word_1_213' title='bbox 1303 4004 1337 4050; x_wconf 88' lang='lat' dir='ltr'>de</span> 
     </span>
     <span class='ocr_line' id='line_1_34' title="bbox 111 4082 1021 4133; baseline -0.005 -1"><span class='ocrx_word' id='word_1_214' title='bbox 111 4086 223 4133; x_wconf 82' lang='lat' dir='ltr'>Surville.</span> <span class='ocrx_word' id='word_1_215' title='bbox 748 4084 853 4131; x_wconf 80' lang='lat' dir='ltr'>clotilde</span> <span class='ocrx_word' id='word_1_216' title='bbox 867 4084 896 4129; x_wconf 90' lang='lat' dir='ltr'>de</span> <span class='ocrx_word' id='word_1_217' title='bbox 909 4082 1021 4130; x_wconf 82' lang='lat' dir='ltr'>Surville.</span> 
     </span>
    </p>
   </div>
   <div class='ocr_carea' id='block_1_21' title="bbox 302 4216 1118 4275">
    <p class='ocr_par' dir='ltr' id='par_1_23' title="bbox 302 4216 1118 4275">
     <span class='ocr_line' id='line_1_35' title="bbox 302 4216 1118 4275; baseline 0 -12"><span class='ocrx_word' id='word_1_218' title='bbox 302 4216 504 4275; x_wconf 67' lang='lat' dir='ltr'>cummi</span> <span class='ocrx_word' id='word_1_219' title='bbox 959 4218 1118 4274; x_wconf 63' lang='lat' dir='ltr'>nmmo</span> 
     </span>
    </p>
   </div>
   <div class='ocr_carea' id='block_1_22' title="bbox 110 4323 1109 4464">
    <p class='ocr_par' dir='ltr' id='par_1_24' title="bbox 110 4323 1109 4464">
     <span class='ocr_line' id='line_1_36' title="bbox 110 4323 1109 4381; baseline -0.005 -7"><span class='ocrx_word' id='word_1_220' title='bbox 110 4328 189 4374; x_wconf 84' lang='lat' dir='ltr'>Merot</span> <span class='ocrx_word' id='word_1_221' title='bbox 208 4328 298 4373; x_wconf 83' lang='lat' dir='ltr'>treduit</span> <span class='ocrx_word' id='word_1_222' title='bbox 316 4328 391 4371; x_wconf 82' lang='lat' dir='ltr'>meme</span> <span class='ocrx_word' id='word_1_223' title='bbox 410 4336 483 4370; x_wconf 80' lang='lat' dir='ltr'>assez</span> <span class='ocrx_word' id='word_1_224' title='bbox 496 4323 694 4381; x_wconf 72' lang='lat' dir='ltr'>frequemment</span> <span class='ocrx_word' id='word_1_225' title='bbox 748 4326 770 4373; x_wconf 90' lang='lat'>11</span> <span class='ocrx_word' id='word_1_226' title='bbox 782 4327 873 4375; x_wconf 86' lang='lat' dir='ltr'>truduit</span> <span class='ocrx_word' id='word_1_227' title='bbox 883 4329 958 4372; x_wconf 80' lang='lat' dir='ltr'>meme</span> <span class='ocrx_word' id='word_1_228' title='bbox 968 4338 995 4371; x_wconf 89' lang='lat' dir='ltr'>oe</span> <span class='ocrx_word' id='word_1_229' title='bbox 1005 4326 1109 4372; x_wconf 86' lang='lat' dir='ltr'>dernier.</span> 
     </span>
     <span class='ocr_line' id='line_1_37' title="bbox 112 4407 381 4464; baseline -0.004 -10"><span class='ocrx_word' id='word_1_230' title='bbox 112 4422 137 4454; x_wconf 90' lang='lat' dir='ltr'>ce</span> <span class='ocrx_word' id='word_1_231' title='bbox 150 4409 245 4454; x_wconf 88' lang='lat' dir='ltr'>dernier</span> <span class='ocrx_word' id='word_1_232' title='bbox 255 4407 381 4464; x_wconf 66' lang='lat' dir='ltr'>[Martiali</span> 
     </span>
    </p>
   </div>
   <div class='ocr_carea' id='block_1_23' title="bbox 361 4539 1123 4595">
    <p class='ocr_par' dir='ltr' id='par_1_25' title="bbox 361 4539 1123 4595">
     <span class='ocr_line' id='line_1_38' title="bbox 361 4539 1123 4595; baseline 0.001 -11"><span class='ocrx_word' id='word_1_233' title='bbox 361 4539 441 4585; x_wconf 70' lang='lat' dir='ltr'>cu</span> <span class='ocrx_word' id='word_1_234' title='bbox 964 4539 1123 4595; x_wconf 62' lang='lat' dir='ltr'>nume</span> 
     </span>
    </p>
   </div>
   <div class='ocr_carea' id='block_1_24' title="bbox 112 4645 1147 4783">
    <p class='ocr_par' dir='ltr' id='par_1_26' title="bbox 112 4645 1147 4783">
     <span class='ocr_line' id='line_1_39' title="bbox 112 4645 1147 4705; baseline -0.001 -13"><span class='ocrx_word' id='word_1_235' title='bbox 112 4646 193 4699; x_wconf 80' lang='lat' dir='ltr'>Qusnt</span> <span class='ocrx_word' id='word_1_236' title='bbox 214 4648 228 4692; x_wconf 73' lang='lat' dir='ltr'>t</span> <span class='ocrx_word' id='word_1_237' title='bbox 247 4646 412 4701; x_wconf 84' lang='lat' dir='ltr'>l’slexendrin‚</span> <span class='ocrx_word' id='word_1_238' title='bbox 433 4646 503 4692; x_wconf 83' lang='lat' dir='ltr'>l’idee</span> <span class='ocrx_word' id='word_1_239' title='bbox 524 4658 553 4692; x_wconf 89' lang='lat' dir='ltr'>ne</span> <span class='ocrx_word' id='word_1_240' title='bbox 572 4646 607 4692; x_wconf 92' lang='lat' dir='ltr'>lui</span> <span class='ocrx_word' id='word_1_241' title='bbox 626 4645 695 4693; x_wconf 88' lang='lat' dir='ltr'>vient</span> <span class='ocrx_word' id='word_1_242' title='bbox 750 4662 779 4695; x_wconf 90' lang='lat' dir='ltr'>ne</span> <span class='ocrx_word' id='word_1_243' title='bbox 789 4648 824 4695; x_wconf 89' lang='lat' dir='ltr'>lui</span> <span class='ocrx_word' id='word_1_244' title='bbox 835 4647 902 4693; x_wconf 85' lang='lat' dir='ltr'>vient</span> <span class='ocrx_word' id='word_1_245' title='bbox 907 4658 1023 4705; x_wconf 81' lang='lat' dir='ltr'>presque</span> <span class='ocrx_word' id='word_1_246' title='bbox 1037 4647 1147 4703; x_wconf 73' lang='lat' dir='ltr'>lemeis...</span> 
     </span>
     <span class='ocr_line' id='line_1_40' title="bbox 122 4726 389 4783; baseline 0 -13"><span class='ocrx_word' id='word_1_247' title='bbox 122 4726 219 4771; x_wconf 74' lang='lat' dir='ltr'>iamats</span> <span class='ocrx_word' id='word_1_248' title='bbox 229 4726 267 4783; x_wconf 86' lang='lat' dir='ltr'>d’y</span> <span class='ocrx_word' id='word_1_249' title='bbox 278 4727 389 4773; x_wconf 86' lang='lat' dir='ltr'>recourir.</span> 
     </span>
    </p>
   </div>
   <div class='ocr_carea' id='block_1_25' title="bbox 0 0 1479 5100">
    <p class='ocr_par' dir='ltr' id='par_1_27' title="bbox 0 0 1479 5100">
     <span class='ocr_line' id='line_1_41' title="bbox 0 0 1479 5100; baseline 0 0"><span class='ocrx_word' id='word_1_250' title='bbox 0 0 1479 5100; x_wconf 95' lang='lat' dir='ltr'> </span> 
     </span>
    </p>
   </div>
  </div>
 </body>
</html>
