2942 5100
647 477 788 541 „7-

96 664 280 751 itadicam,
293 663 452 756 quamvis
468 663 584 733 abdita
593 664 784 755 perspicias
795 663 937 732 nomina
949 664 1106 734 virorum
1119 664 1321 750 illustrium,

97 826 158 917 qui
172 825 348 917 scriptoris
359 825 618 894 nostrifuerunt
627 827 660 908 et
674 823 777 892 amici
791 828 825 893 et
834 846 896 915 per
903 824 1084 894 incruenta
1095 823 1323 893 classicorum

98 991 133 1056 et
150 985 424 1054 romanticorum
439 984 529 1054 bella
558 984 827 1070 commilitonem
844 985 894 1054 ita
908 989 959 1071 ut,
972 986 1014 1054 de
1028 985 1176 1054 mortuis
1190 985 1321 1070 dicens,

97 1149 139 1216 de
153 1147 241 1217 vivis
256 1146 355 1237 quasi
370 1149 486 1237 aperte
502 1145 625 1214 dixerit
639 1165 646 1226 3
664 1168 747 1236 erga
762 1168 862 1236 quos,
874 1152 920 1239 ut
941 1145 1085 1232 solebat,
1111 1145 1213 1214 annis
1236 1167 1323 1236 pau-

97 1308 171 1377 lum
189 1307 343 1391 mutatis,
364 1306 518 1375 animum
534 1328 672 1398 quoque
692 1306 752 1375 sed
767 1306 861 1374 haud
876 1305 1019 1398 paulum
1034 1305 1192 1376 mutavit.
1212 1305 1250 1376 Si
1265 1327 1321 1374 res

84 1469 147 1537 ita
163 1489 242 1536 vere
267 1490 303 1536 se
322 1468 428 1536 habet
439 1472 472 1535 et
491 1467 520 1536 si
540 1469 653 1559 operis
678 1467 732 1536 sui
753 1466 860 1535 alium
881 1467 994 1536 effecit
1007 1469 1152 1553 textum,
1171 1465 1325 1556 quoties-

98 1649 248 1718 cumque
272 1630 332 1696 aut
360 1627 401 1696 de
428 1627 595 1696 doctrinis
627 1628 806 1696 sententiae
842 1629 902 1695 aut
932 1626 969 1693 in
995 1626 1090 1694 viros
1124 1624 1322 1694 voluntates

97 1778 173 1847 aliae
211 1781 321 1865 erant,
355 1778 415 1867 qui
449 1777 630 1870 diligenter
678 1778 792 1847 varias
825 1776 991 1847 lectiones
1025 1775 1320 1861 animadverterit,

96 1940 198 2030 plane
213 1944 399 2032 cognoscet
414 1943 447 2009 et
465 1943 635 2030 quantum
654 1945 689 2008 et
702 1960 808 2029 quam
833 1960 925 2029 saepe
944 1938 1132 2020 sententias
1156 1936 1321 2007 volunta-

96 2105 217 2190 tesque
237 2101 434 2187 mutaverit,
450 2141 495 2152 -
515 2104 548 2170 et
567 2100 601 2169 id
617 2104 658 2168 e'o
677 2098 814 2168 facilius
829 2100 922 2189 quod
943 2099 986 2166 ab
1010 2098 1118 2167 initiis
1137 2120 1248 2188 usque
1278 2096 1322 2165 ad

96 2267 244 2332 mertem
277 2264 371 2333 hunc
404 2250 544 2332 lilrrmii'
578 2263 624 2342 ¹ab
658 2261 876 2330 adulescente
917 2261 1086 2352 seriptum
1129 2282 1321 2350 numquam

96 2424 267 2492 intectum
292 2423 443 2514 reliquit.

141 2585 255 2676 Hujus
275 2586 368 2655 enim
383 2590 534 2676 quatuor
551 2589 667 2655 textus
684 2584 801 2654 emissi
819 2589 913 2655 sunt.

141 2746 299 2815 Primum
314 2749 427 2837 partes
447 2745 542 2814 haud
556 2767 671 2837 parvae
685 2746 779 2837 typis
795 2743 973 2831 {mandatae
997 2748 1091 2831 sunt,
1115 2766 1193 2835 quae
1215 2744 1322 2835 ephe-

97 2906 219 2975 meridi
232 2910 282 2975 Le
301 2908 411 2977 Globe
425 2905 611 2975 nominatae
637 2906 882 2975 insererentur.
899 2905 931 2975 A
951 2904 1004 2973 die
1024 2904 1171 2995 septimo
1191 2903 1321 2972 mensis

98 3066 193 3154 Julii,
225 3066 306 3134 anni
333 3066 629 3152 MDCCGXXVIL
665 3087 733 3155 quo
767 3068 1037 3135 sainte-Becco
1068 3064 1221 3155 legentes
1247 3065 1322 3146 haec
1443 3162 1446 3167 .

96 3228 291 3296 monebat:
339 3251 354 3295 s
384 3232 437 3297 Le
480 3227 579 3297 edric
617 3228 807 3297 d'articlce
825 3196 827 3198 ‚
847 3226 957 3313 qe'oa
1005 3247 1044 3296 sc
1080 3245 1240 3312 propere
1276 3228 1322 3294 de

92 3390 250 3474 publiea
275 3410 345 3459 aar
372 3387 580 3459 l'eece'esee'e
605 3387 730 3474 poesie
753 3391 945 3474 franceise
981 3390 1216 3457 embrassera
1243 3392 1322 3455 tout

98 3542 140 3619 lc
165 3551 259 3617 XVI⁸
289 3550 398 3619 siecle
426 3554 460 3617 et
484 3555 645 3654 partera
675 3550 1034 3634 particetidremcet
1060 3568 1129 3616 aer
1158 3547 1352 3633 t'epoqne·

97 3708 257 3781 decisivo
309 3712 354 3779 de
394 3713 494 3795 1550,
543 3708 591 3778 oe
629 3710 849 3778 l’e'mitetioa
895 3710 941 3778 de
987 3707 1199 3795 t’anttqeste
1239 3712 1322 3778 ctat

1 3910 2 3914 ¹
98 3874 362 3959 decoquentem
394 3875 653 3957 interminare
692 3875 726 3940 lc
764 3870 1065 3957 de’ocloppemeet
1095 3873 1251 3939 natural
1286 3877 1322 3941 et

99 4036 176 4101 leat
209 4034 254 4100 ote
290 4038 399 4101 notre
434 4036 561 4101 vieille
599 4032 819 4101 tittdroterc
860 4009 1118 4123 contectali),
1156 4055 1171 4098 a
1210 4012 1352 4121 usque*

98 4191 140 4260 ad
175 4192 267 4261 diem
307 4193 480 4262 decimum
526 4192 654 4261 mensis
700 4191 831 4283 Aprilis
882 4193 965 4259 anni
1008 4191 1319 4277 MDGCGXXVHI,

142 4628 177 4691 (1)
191 4626 247 4677 Vide
264 4626 439 4678 adnotationem
455 4626 531 4691 primo
542 4628 613 4692 capiti
623 4626 759 4691 adjunctam
768 4625 854 4690 (Globel
866 4640 873 4684 ;
895 4638 948 4687 que
960 4625 985 4673 in
996 4623 1138 4673 editionibus
1150 4622 1321 4687 posterioribus

97 4730 146 4767 nen
158 4718 209 4779 jam
221 4724 326 4781 apparet.
