2942 5100
637 471 797 538 ..27-

93 683 115 728 e
148 661 249 731 novis
278 661 518 752 scriptoribus,
548 661 769 730 Beroardio
801 661 847 728 de
874 661 1139 729 Sciret-Pieres
1166 663 1201 728 et
1230 662 1327 729 Cha-

94 823 335 891 teaebriond
353 821 455 913 (i),e
482 821 604 912 poetis,
628 824 861 904 homeritae,
883 822 1088 907 Delevipnc
1120 823 1155 888 et
1180 818 1322 889 Beren-

91 1005 174 1070 ρον
210 983 258 1074 (2)
300 1005 418 1051 veram
458 984 708 1073 probatamque
753 982 846 1050 viam
894 931 1031 1050 dicendi
1075 980 1259 1066 indicasse,
1292 985 1327 1050 et

94 1143 269 1235 exemplis
293 1143 364 1212 suis
384 1141 574 1213 ostendisse
598 1143 724 1234 quibus
736 1143 929 1211 rationibus
954 1142 1219 1212 extenderentur
1239 1142 1322 1211 artis

95 1305 203 1393 fines,
234 1327 298 1374 nec
326 1302 586 1388 excederentur;
617 1307 656 1372 ut
684 1303 713 1371 si
741 1303 819 1394 quis
847 1302 1016 1371 rationem
1047 1302 1188 1371 iliorum
1221 1303 1322 1371 dese-

95 1466 243 1552 ruisset,
276 1465 375 1535 illum
417 1486 532 1535 errore
575 1468 783 1556 rogaturum
822 1485 897 1532 esse
940 1463 1180 1551 arbitraretur,
1215 1467 1249 1533 et
1279 1462 1321 1532 de

95 1625 276 1695 industria
303 1625 452 1716 turpiter
486 1646 559 1693 sese
587 1645 706 1715 parem
737 1623 912 1692 facturum
948 1623 1024 1692 istis
1053 1623 1185 1692 insanis
1215 1624 1325 1715 scrip-

96 1789 252 1873 toribus,
286 1789 408 1873 Hispo,
442 1788 572 1873 Viprcy,
603 1788 662 1853 aut
665 1835 732 1854 .....
768 1784 1061 1854 d'Arlincourt:
1093 1806 1174 1852 nem
1204 1785 1321 1876 (mire-

98 1947 173 2016 bile
194 1946 303 2035 dictu)
340 1948 438 2013 erant
487 1944 616 2036 quibus
657 1947 779 2032 Hespe,
823 1947 942 2032 Viprcy
989 1948 1022 2013 et
1062 1946 1324 2014 d'Arlirseourt

98 2107 209 2177 iidem
241 2130 282 2175 ac
311 2128 412 2198 pares
444 2105 564 2196 utique
596 2127 671 2174 esse
708 2104 907 2174 viderentur
936 2105 998 2196 (3).

148 2267 249 2336 Hanc
277 2270 392 2337 autem
422 2264 464 2334 de
491 2264 615 2335 litteris
657 2264 852 2334 doctrinam
886 2286 956 2333 non
995 2263 1099 2333 modo
1127 2264 1165 2333 in
1206 2266 1328 2335 ceteris

100 2428 242 2520 scriptis
279 2450 356 2519 quae
391 2427 660 2497 satore-Becco
696 2424 909 2517 ephemeridi
951 2448 1023 2495 suae
1060 2426 1219 2513 inseruit,
1267 2426 1328 2496 sed

100 2588 208 2657 etiam
240 2589 275 2655 in
308 2588 444 2679 scriptis
469 2587 510 2655 de
526 2592 621 2656 sexto
647 2585 783 2656 decimo
817 2586 933 2655 seculo
972 2586 1140 2655 invenies.

151 2746 286 2818 Etenim
328 2748 382 2817 his
415 2747 505 2858 ipsis
530 2747 758 2839 temporibus
796 2746 838 2816 de
876 2750 971 2815 sexto
1015 2746 1149 2817 decimo
1209 2749 1328 2817 seculo

100 2911 373 2982 Sainte-Beccoe
414 2908 580 2977 disserere
621 2908 738 2998 coepit.
783 2909 823 2977 ln
860 2906 983 2976 litteris
1020 2908 1113 2976 enim
1153 2908 1321 2977 obnoxias

98 3070 270 3162 adjutoris
295 3068 477 3160 cujusdam
500 3073 614 3162 partes
638 3069 827 3159 suscipere,
854 3072 957 3159 atque
979 3069 1096 3138 fovere
1126 3072 1159 3137 et
1188 3068 1328 3138 tabellis

102 3230 254 3323 publicis
301 3229 542 3299 commendare
584 3234 617 3298 et
654 3228 815 3298 laudibus
866 3251 992 3319 augere
1032 3229 1201 3321 quidquid
1246 3229 1331 3298 boni

104 3395 354 3484 componerent
379 3390 577 3482 scriptores,
611 3389 714 3460 taedio
747 3390 814 3459 fuit
843 3389 978 3482 juveni,
1009 3391 1068 3482 qui
1097 3391 1164 3460 sibi
1193 3391 1327 3483 majora

103 3529 352 3645 proposuisset.
391 3553 510 3643 Itaque
551 3552 702 3621 breviter
739 3550 881 3642 cupivit,
914 3551 969 3621 vel
1002 3552 1118 3643 potius
1150 3576 1171 3621 a
1213 3551 1324 3643 prima

155 3936 188 4001 (i)
203 3936 259 3985 Vide
277 3936 305 3985 te
320 3936 394 3999 Giris,
410 3936 440 3989 17
457 3935 507 3989 dec.
524 3937 592 3990 ¹82⁵.
627 3936 711 4001 Vopoye
739 3937 848 3987 timreire
868 3944 890 3987 et
917 3938 1038 3999 dicionique
1063 3952 1091 3985 ea
1119 3937 1247 4000 duptetme
1263 3942 1285 3986 si
1300 3952 1328 3987 ss

105 4015 195 4075 deorse.
209 4052 237 4061 -
250 4023 318 4083 erod
334 4023 447 4088 operibns
459 4025 582 4089 scriptoris
594 4039 643 4075 non
656 4026 775 4076 insertum
786 4033 833 4075 est.

154 4142 187 4205 (tt
200 4140 257 4191 Vide
273 4141 303 4190 Le
317 4140 392 4200 Giobe,
404 4142 459 4199 ibid,
472 4150 495 4191 et
515 4141 547 4191 m
560 4156 625 4192 mars
641 4142 712 4199 1825,
729 4142 761 4190 Lo
776 4143 899 4199 Caledonio,
916 4142 957 4191 Bes
971 4141 1055 4191 Possim
1066 4142 1094 4189 de
1106 4141 1330 4206 orontianum-

104 4232 172 4283 ribus
184 4246 231 4281 non
248 4231 357 4292 inserta).
374 4230 431 4280 Vide
445 4231 516 4281 etism
531 4231 642 4280 Premicrs
656 4230 750 4293 mnus,
762 4232 784 4289 Ι,
797 4231 867 4282 120.

155 4346 187 4409 (3)
200 4346 296 4397 Videte
312 4346 386 4405 dicte,
405 4346 478 4397 eren.
497 4347 745 4411 incommunius
766 4347 862 4411 qnidam
882 4344 1038 4409 conscriptor,
1054 4359 1107 4395 cum
1124 4344 1234 4395 finxisset
1253 4346 1331 4396 icedus

106 4437 168 4485 inter
182 4438 264 4486 hostes
276 4438 459 4487 romenticorom
478 4445 582 4500 pscium,
599 4450 646 4499 quo
662 4436 799 4486 romantice
825 4435 912 4485 schole
928 4435 1091 4485 suctoritntcm
1110 4433 1253 4495 minuerent,
1269 4434 1330 4485 hanc

105 4526 172 4589 pacis
188 4525 352 4575 condicionem
368 4526 509 4587 interposuit
525 4538 555 4574 :u
572 4526 605 4574 On
618 4540 675 4573 euro
687 4527 736 4574 scio
750 4527 776 4575 de
788 4530 872 4589 repctcr
881 4540 933 4573 sons
949 4539 1007 4573 cesse
1022 4539 1051 4572 os
1061 4524 1145 4587 poetic,
1155 4526 1195 4586 qui
1210 4527 1278 4587 finire
1290 4540 1331 4589 pur

105 4616 125 4663 ie
138 4615 218 4671 croire,
230 4628 271 4677 pus
283 4616 467 4677 draconteae,
480 4616 531 4663 c'est
545 4614 598 4664 Hsn
612 4614 741 4671 d'islsuds‚
759 4614 781 4663 ie
796 4614 913 4678 Soiitsire,
929 4602 984 4664 Eion
997 4620 1019 4664 si
1035 4619 1104 4663 tocies
1115 4611 1146 4660 iss
1162 4614 1255 4661 re'oerres
1268 4615 1294 4663 ds
1307 4615 1329 4663 ta

106 4702 189 4753 mesu
202 4703 240 4752 des
248 4702 432 4752 Beona-Esttres
449 4718 473 4753 a.
