2942 5100
686 535 846 600 ..35-

189 721 297 791 Nunc
345 724 460 791 autem
507 719 646 790 videtur
703 743 803 812 aequo
864 719 982 790 animo
1027 718 1117 790 ferre
1172 719 1268 802 vitia,
1299 743 1377 812 quse

142 880 313 952 dicuntur
341 884 515 954 electiles
543 881 581 950 in
615 882 773 953 versibus
806 880 970 951 dramatis
1001 879 1151 950 inveniri
1183 884 1230 967 et,
1257 885 1297 952 ut
1328 881 1377 950 its

143 1043 277 1178 dicam,
314 1040 529 1114 clandestino
561 1042 683 1114 scribit
721 1067 728 1113 :

200 1343 288 1401 Dans
301 1343 349 1402 les
364 1341 592 1403 «Meditations
608 1363 622 1397 ι
637 1359 680 1402 ou
691 1342 771 1402 dans
783 1343 981 1419 sl’Aoeuglc.
996 1365 1012 1398 s

141 1632 252 1720 atquc
276 1627 314 1697 in
348 1627 595 1700 adnotatione:

198 1929 242 1988 Le
255 1931 366 2016 pottmo
380 1929 543 1990 d'Homtre
558 1947 619 2006 par
632 1931 740 2017 Andre
754 1932 917 2008 Chenier(
936 1935 965 2010 ).

191 2215 364 2304 Finxerat,
421 2237 490 2307 quo
547 2213 684 2284 facilius
744 2213 920 2285 doctrinas
979 2238 1060 2284 suas
1117 2219 1370 2310 comprobaret,

139 2373 390 2466 Hispanienses
425 2378 583 2444 auctores
624 2373 661 2442 in
694 2373 736 2444 iis
771 2397 858 2466 quas
902 2374 947 2444 ad
980 2398 1120 2445 scenam
1152 2380 1371 2470 composuis-

140 2539 223 2606 sent
254 2535 392 2621 fabulis,
421 2535 590 2606 rationem
621 2539 750 2605 certem
778 2538 812 2605 et
841 2536 1040 2629 concepisse
1064 2540 1099 2606 et
1121 2543 1258 2607 secutos
1282 2562 1370 2627 esse,

143 2718 225 2787 quae
245 2696 391 2766 feliciter
421 2689 637 2787 objiceretur
670 2700 704 2765 et
731 2696 859 2766 rationi
887 2702 921 2767 et
948 2696 1078 2789 regulis
1112 2698 1155 2767 ab
1183 2698 1368 2768 Aristotele

140 2857 293 2926 inventis
320 2880 328 2926 :

196 3194 311 3265 Quand
323 3193 494 3251 Cervantes
512 3202 543 3251 et
550 3193 639 3268 Vaga
650 3193 860 3251 franchissent
872 3192 913 3250 de
924 3193 1015 3268 longa
1028 3192 1210 3250 intervallos
1222 3192 1370 3251 d'annces

136 3336 185 3377 ou
197 3318 238 3376 de
250 3335 342 3393 pays,
356 3319 396 3375 ils
412 3326 467 3376 ont
479 3336 522 3375 un
534 3320 591 3377 but
605 3327 636 3376 et
648 3318 752 3375 visent
765 3320 786 3374 a
804 3319 938 3393 quelque
952 3320 1023 3377 edet
1037 3318 1137 3389 d’art3
1152 3334 1204 3375 ces
1219 3318 1371 3392 irregula-

136 3444 219 3515 ritts
229 3450 417 3518 apparentes
441 3460 476 3502 se
492 3444 668 3500 rattachent
686 3442 768 3499 dans
783 3444 850 3500 leur
871 3444 970 3516 esprit
985 3447 1060 3500 aun
1075 3445 1211 3517 systema
1225 3444 1370 3517 tragique

137 3569 230 3626 aussi
245 3569 379 3643 complet
392 3576 423 3627 et
438 3570 527 3626 aussi
539 3570 768 3643 imposantque
783 3569 862 3627 celui
872 3569 929 3627 des
937 3570 1047 3640 Grecs,
1059 3570 1133 3627 bien
1143 3585 1203 3644 qne
1217 3568 1371 3625 differem·

139 3700 229 3751 ment
239 3693 393 3751 construit
406 3692 463 3767 (2).

186 4004 267 4092 Sed,
302 4026 393 4073 anno
426 4004 609 4074 millesimo
639 4004 924 4097 octingentesimo
956 3987 1219 4100 quadragesimo
1252 4008 1366 4094 tertio,

56 4148 57 4151 ¹
141 4189 219 4258 quse
248 4122 427 4237 audacius
442 4166 497 4236 his
523 4166 638 4237 verbis
666 4167 907 4256 affirmaverat,
939 4168 1059 4238 adimit
1089 4192 1097 4237 ε

187 4654 222 4719 (1)
239 4652 298 4703 vius
311 4652 345 4713 G,
361 4652 425 4705 183
438 4660 463 4705 st
478 4654 558 4706 adnot.
572 4660 596 4704 st
605 4654 639 4718 L,
652 4654 672 4712 l,
687 4652 750 4705 204
759 4661 783 4705 st
796 4654 876 4705 adnot.

184 4768 219 4833 (2)
230 4767 289 4819 Vide
302 4765 334 4831 Β,
346 4764 422 4820 307.
