2942 5100
729 529 869 591 ..2-

156 809 157 816 ,
180 713 240 805 qui
257 716 338 782 sunt
353 712 510 806 inscripti
524 689 716 784 Portroits
728 714 1037 798 Contemporcirea
1047 710 1208 780 ultimum
1223 709 1331 779 edidit
1343 709 1408 801 (1),

181 875 218 942 in
237 874 350 942 fronte
365 873 641 964 uniuscujusque
656 873 747 960 libri,
764 875 855 942 hanc
869 871 1075 941 seutentiam
1089 869 1280 962 praeposuit
1302 892 1310 937 :

252 1143 272 1182 <r
288 1125 373 1185 Nous
387 1141 521 1184 sommas
535 1124 664 1182 mobiles
677 1129 707 1182 et
719 1140 797 1182 noua
809 1124 947 1213 Jugeona
957 1123 1011 1181 des
1026 1125 1108 1181 atres
1121 1122 1250 1180 mobiles
1265 1137 1299 1177 u.

952 1265 1076 1339 (suune
1093 1282 1136 1323 nu
1153 1264 1329 1338 Manum).

126 1601 127 1604 ,
227 1527 438 1597 Difficillime
458 1527 610 1618 profecto
627 1527 702 1618 ipse
717 1530 751 1595 et
765 1525 902 1616 scriptis
917 1528 951 1594 et
971 1517 1255 1616 scriptori'magis
1269 1545 1409 1592 accom-

182 1687 360 1758 modatam
376 1687 636 1778 inscriptionem
651 1685 851 1757 effinxisset.
873 1687 982 1755 Nemo
998 1685 1090 1755 enim
1110 1685 1248 1776 ignorat
1271 1682 1408 1774 quoties

180 1851 334 1918 mutatus
352 1848 407 1932 sit,
439 1853 474 1918 et
493 1847 642 1939 quoties,
663 1847 934 1938 haudquaquam
955 1847 1060 1915 fidem
1080 1844 1221 1915 stultam
1240 1849 1407 1913 mentem-

180 2031 247 2099 que
262 2009 487 2101 pervicaciter
506 2009 685 2090 immotam
701 2031 771 2100 prae
790 2030 826 2077 se
844 2007 971 2094 ferens,¹
994 2007 1157 2076 humanae
1182 2006 1276 2076 illius
1295 2006 1406 2075 varie

177 2171 257 2239 tatis
272 2171 428 2261 exempla
447 2191 584 2240 necnon
600 2173 805 2261 argumenta
817 2167 1015 2259 praebuerit.
1033 2168 1123 2237 Nam
1139 2188 1274 2257 semper
1285 2205 1331 2217 —
1345 2170 1405 2236 aut

177 2354 268 2423 saepe
293 2331 414 2400 saltem
428 2331 532 2400 -de
560 2330 662 2400 rebus
684 2330 833 2438 divinis,
843 2329 886 2398 de
906 2328 1144 2420 philosophia,
1161 2329 1204 2398 de
1225 2333 1297 2398 arte
1317 2330 1403 2398 scri-

177 2490 294 2577 bendi,
313 2491 464 2585 priorem
484 2489 689 2560 sententiam
708 2488 915 2582 repudiavit,
939 2492 1000 2559 aut
1023 2511 1044 2557 a
1068 2486 1297 2579 scriptoribus
1319 2489 1405 2581 ipsis

176 2652 343 2721 alienatus
372 2656 436 2739 est,
457 2675 543 2743 quos
565 2650 670 2742 paulo
693 2654 771 2718 ante
797 2650 948 2718 maximo
978 2649 1093 2719 studio
1117 2650 1275 2720 foverat:
1298 2674 1403 2743 quam

176 2835 266 2904 saepe
301 2835 473 2884 summam
501 2812 717 2881 severitatem
753 2812 796 2879 iis
823 2834 904 2879 mox
928 2810 1098 2898 adhibuit,
1130 2834 1217 2903 quos
1258 2813 1404 2883 summis

175 2973 339 3045 laudibus
354 2990 465 3065 nuper
482 2975 650 3044 extulerat
669 2976 677 3041 l

222 3135 334 3217 Quam
355 3135 641 3221 inconstantiam,
671 3138 796 3203 natura
828 3134 945 3202 animo
973 3134 1049 3224 ejus
1080 3134 1234 3220 insitam,
1251 3137 1404 3228 primum

178 3319 251 3366 non
269 3297 406 3366 videtur
421 3297 495 3386 ipse
511 3296 671 3365 sensisse.
689 3295 729 3363 ln
748 3294 822 3364 dies
849 3297 963 3363 autem
982 3294 1254 3365 manifestiorem
1278 3297 1405 3366 factam

178 3480 284 3547 quam
298 3461 339 3526 ut
362 3456 493 3526 diutius
517 3456 670 3525 acritico
689 3454 894 3541 nesciretur,
916 3454 1012 3524 brevi
1031 3477 1106 3523 eam
1123 3458 1299 3546 tamquam
1318 3460 1406 3527 scri·

179 3616 282 3685 bendi
297 3616 391 3686 viam
412 3622 446 3685 et
463 3572 656 3685 litterarum
667 3616 731 3685 rite
750 3613 1071 3705 investigandarum
1087 3613 1407 3704 dijudicandarum-

179 3796 246 3864 que
263 3776 435 3844 rationem
455 3775 674 3845 existimavit.
697 3776 799 3858 Nam,
826 3772 941 3841 media
964 3777 1065 3842 aetate
1096 3775 1253 3844 nondum
1273 3781 1405 3862 exacta,

179 3957 259 4005 cum
279 3958 297 4003 e
317 3942 410 4005 coetu
430 3936 638 4028 scriptorum
653 3936 713 4026 qui
733 3933 988 4026 ephemeridem
1006 3938 1057 4004 Le
1076 3938 1187 4006 Globe
1201 3937 1405 4029 inscriptam

179 4099 436 4188 componebant
463 4098 500 4166 in
526 4098 801 4167 romanticorum
829 4098 1072 4180 senmurum,
1105 4119 1123 4165 e
1158 4100 1343 4169 Cenoaulo
1368 4100 1406 4168 in

180 4258 335 4328 scholam
356 4283 376 4327 a
398 4259 607 4352 philosopho
637 4259 897 4329 Sciret-Simon
924 4257 1150 4350 nominatam,
1178 4281 1197 4327 e
1222 4260 1343 4330 schola
1367 4262 1404 4329 in

179 4419 395 4491 sodalitatem
421 4443 441 4488 a
473 4421 673 4511 presbytero
696 4422 921 4489 Lameeear‘s
951 4418 1187 4505 formatam,e
1222 4421 1402 4491 sodalitate

226 4754 261 4816 (1)
282 4754 352 4807 186⁸.
