2942 5100
641 507 800 571 -17..

111 688 327 759 medicorum
367 689 504 760 auditor
545 688 682 759 assedit.
719 689 787 760 Sed
824 712 915 780 aegre
955 690 1034 759 tulit
1061 713 1097 760 se
1132 694 1332 782 paupertate

16 837 17 840 ¹
111 850 158 918 ita
194 851 273 941 cogi
306 854 340 920 et
373 850 579 921 adulcibus
620 850 744 919 studiis
783 851 965 937 removeri,
989 874 1082 938 cum,
1115 851 1225 920 tristis
1258 851 1332 942 jam

15 1015 16 1022 ’
111 1009 185 1098 ipsa
214 1013 404 1095 enatura,
438 1014 478 1080 ut
506 1009 600 1094 dicit,
631 1030 651 1075 a
690 1009 812 1099 primis
845 1009 945 1078 annis
975 1010 1075 1080 senili
1105 1034 1119 1079 r
1155 1012 1217 1100 (l),
1252 1011 1334 1116 tris-v

16 1165 19 1204 ³
110 1168 178 1237 tior
203 1170 308 1239 etiam
334 1172 447 1242 tactus
485 1177 606 1242 maesta
634 1177 812 1265 stoicaque
848 1173 1017 1263 sapientia
1045 1173 1102 1241 cui
1129 1195 1164 1241 se
1193 1171 1333 1241 dederat

112 1329 247 1416 acerbe,
281 1331 421 1401 tandem
454 1333 565 1424 magis
606 1355 753 1402 maerens
788 1333 824 1400 in
868 1333 952 1416 dies,
996 1332 1126 1401 morbis
1163 1336 1197 1400 et
1233 1332 1333 1400 malis

14 1491 17 1531 ἶ
110 1514 304 1583 pauperum
355 1495 665 1585 aegrotantiumque
718 1494 945 1564 consideratis
1005 1499 1037 1562 et
1090 1494 1322 1579 contrectatis,

108 1651 218 1720 vitam
252 1652 402 1744 degeret,
436 1655 546 1724 fracto
585 1656 714 1741 animo,
745 1654 928 1724 infelicem.

15 1821 16 1844 ³
155 1813 315 1896 Quadam
344 1817 460 1884 autem
495 1815 563 1902 die,
596 1815 713 1885 nescio
752 1839 797 1884 an
830 1838 912 1884 casu
942 1819 975 1884 et
1007 1814 1103 1883 nulla
1136 1815 1202 1883 nisi
1235 1815 1337 1904 aegri-

108 1971 243 2044 tudinis
271 1974 427 2044 levandae
461 1997 534 2067 spe,
564 1975 648 2046 dum
679 1979 807 2062 narrat,
844 1975 1021 2060 incitatus,
1056 1973 1191 2044 dolores
1227 1973 1334 2042 animi

15 2147 17 2187 :
106 2099 164 2204 sui
198 2136 299 2205 fracti
328 2135 450 2206 detulit
481 2136 524 2205 ad
555 2140 704 2223 Doboir,
740 2137 971 2228 ephemeridis
1003 2141 1053 2205 Le
1081 2138 1192 2206 Globe
1220 2136 1335 2206 mode-

14 2342 15 2351 κ
109 2302 282 2383 ratorem;
313 2322 382 2390 quo
405 2299 569 2390 magistro
597 2322 684 2368 usus
708 2303 781 2368 erat
808 2300 845 2367 in
873 2298 1020 2390 collegio
1047 2300 1333 2385 Chorlemapue.

109 2463 262 2550 Doooo,
293 2459 530 2530 misericordia
559 2465 686 2547 motus,
720 2482 863 2552 operam
895 2429 1033 2529 narravit
1061 2464 1100 2528 ut
1128 2483 1149 2528 a
1176 2458 1337 2551 despera-

14 2638 17 2679 ὲ
109 2621 207 2690 tione
240 2620 283 2689 ad
316 2643 413 2712 spem
442 2620 622 2690 medicinae
659 2620 856 2690 studiosum
891 2622 1094 2688 revocaret:
1125 2639 1229 2709 quem
1257 2617 1336 2707 qui-

110 2780 191 2849 dem
218 2780 377 2850 hortatus
411 2786 526 2851 estut
557 2781 594 2849 in
622 2780 759 2871 incepto
794 2784 962 2870 perstaret
989 2782 1196 2869 vacaretque
1234 2799 1336 2846 oons-

109 2944 225 3009 tanter
256 2940 393 3029 studiis,
433 2940 590 3031 quamvis
616 2940 772 3031 ingratis,
807 2962 884 3030 quae
911 2938 948 3006 in
975 2939 1131 3008 futurum
1163 2938 1337 3007 fortunam

109 3102 194 3171 satis
240 3102 403 3193 amplam,
433 3102 609 3191 vitamque
646 3104 721 3171 tuto
758 3099 906 3169 locatam
946 3100 978 3169 ei
1015 3103 1237 3190 praestarent;
1276 3095 1336 3166 sed

109 3261 218 3330 simul
253 3263 294 3330 ab
333 3282 373 3330 eo
408 3260 537 3351 scripta
564 3261 722 3351 quaedam
749 3260 858 3350 petiit,
894 3283 971 3351 quae
1009 3258 1220 3350 ephemeridi
1248 3258 1339 3327 inse-

113 3426 284 3492 rerentur.
315 3422 388 3490 Nec
420 3419 546 3489 fabulae
596 3420 847 3489 commenticias
886 3419 1053 3509 profecto,
1085 3441 1148 3488 neo
1178 3424 1338 3510 poemata

111 3584 154 3653 de
198 3584 374 3654 amoribus
421 3588 481 3654 aut
518 3582 696 3653 doloribus
739 3586 800 3651 aut
833 3581 908 3650 aliis
944 3606 959 3650 c
996 3582 1097 3674 nugis
1133 3608 1150 3645 »
1189 3534 1338 3651 Salute-

112 3749 237 3815 Beuoe
268 3744 431 3836 fingenda
466 3747 575 3830 erant,
616 3765 692 3832 quae
726 3764 850 3832 parum
887 3742 1116 3833 ephemeridis
1151 3742 1339 3811 lectoribus

111 3904 231 3975 futura
260 3911 374 3976 essent
403 3926 516 3988 curae3
548 3903 607 3973 sed
634 3903 792 3993 quaedam
816 3903 976 3994 graviora
1002 3903 1043 3971 de
1068 3906 1141 3971 arte
1166 3903 1340 3972 scribendi

112 4071 175 4136 aut
199 4066 242 4135 de
265 4066 368 4135 rebus
388 4065 494 4157 gestis
518 4066 666 4134 narratis
692 4064 944 4155 componenda,
968 4067 1008 4132 ut
1032 4062 1182 4132 otiosum
1203 4068 1339 4155 tempus

114 4232 309 4299 contereret
332 4233 365 4298 et
387 4228 563 4297 tristitiam
594 4227 724 4296 artibus
743 4225 943 4295 liberalibus
963 4224 1116 4294 colendis
1139 4224 1336 4315 depelleret.

115 4391 444 4473 ‹Scinio-Becco,
465 4390 504 4457 ut
535 4386 583 4455 ait
603 4389 753 4474 Duboio,
778 4389 937 4472 pocoac't
965 4389 1149 4458 stercher
1182 4386 1220 4455 ld
1249 4387 1272 4455 d
1301 4388 1340 4454 lo

162 4748 195 4811 (l)
208 4747 265 4797 Vide
274 4745 473 4811 durerpoodocca
487 4745 507 4805 1,
522 4744 543 4795 6
558 4758 566 4793 :
584 4756 596 4791 o
612 4756 665 4791 moe
674 4741 780 4791 mutuae
790 4746 932 4806 pecatores
941 4743 968 4792 de
981 4742 1087 4792 meillaesse
1097 4757 1122 4791 o.

1200 4872 1219 4913 2
