2942 5100
667 432 828 496 ..64-

183 613 284 701 Tum,
313 636 354 684 eo
386 613 530 684 consilio
554 620 594 685 ut
621 614 766 686 lectores
795 616 899 685 faeiat
922 616 1011 685 acris
1038 617 1093 686 sui
1122 617 1252 687 doloris
1284 639 1370 709 par·

140 771 276 864 ticipes‚
308 774 469 843 inferiore
499 775 625 866 pagina
657 776 755 846 affert
790 779 824 845 st
863 776 970 845 verba
998 799 1019 844 a
1052 779 1250 846 Mathcrbe
1289 775 1371 845 ani-

142 933 323 1003 madversa
354 939 388 1004 et
424 934 666 1004 adnotationes
695 957 781 1025 quas
811 935 971 1005 versibus
1012 941 1124 1027 poetae
1160 937 1372 1028 adjunxerat

143 1094 334 1164 malevolus
393 1118 497 1164 senex
541 1118 549 1180 ;
614 1099 717 1186 atque
776 1096 931 1187 insuper,
990 1097 1169 1188 superiore
1223 1098 1369 1189 pagina,

146 1255 293 1325 «virum
326 1259 496 1325 emunctae
525 1255 617 1324 naris
648 1279 664 1324 r
695 1254 883 1346 aliquando
918 1254 1056 1325 lacessit
1079 1259 1113 1324 et
1150 1255 1270 1325 irridet
1302 1256 1368 1349 (1).

188 1415 294 1500 lnlra,
340 1415 422 1506 quid
470 1416 512 1485 de
553 1415 826 1486 romanticorum
875 1415 1043 1486 doctrinis
1077 1417 1204 1486 sentiat
1243 1417 1369 1508 aperit,

144 1575 228 1645 dum
265 1575 400 1644 fabulas
434 1576 641 1646 dramaticas
668 1577 845 1668 praedicat,
875 1599 960 1668 quas
995 1599 1014 1646 e
1055 1576 1196 1648 Gallicis
1237 1576 1372 1646 annali-

146 1737 210 1806 bus
243 1736 507 1828 deprompserat
537 1741 633 1807 Vitat
668 1737 727 1830 (2).
756 1739 871 1828 Atque
907 1738 968 1807 uhi
1012 1739 1197 1808 satirarum
1225 1737 1375 1828 scripto·

145 1921 218 1967 rem
252 1897 461 1985 d'Aulrtpnd
506 1899 656 1989 attingit,
693 1921 773 1969 cum
800 1898 899 1969 illum
929 1922 1066 1969 summo
1100 1900 1221 1969 favore
1253 1920 1374 1991 prose-

146 2062 308 2149 queretur
335 2062 457 2148 Hupo‚
489 2063 573 2129 tunc
605 2060 824 2129 admirationi
852 2061 1011 2152 indulget
1043 2066 1076 2130 et
1108 2061 1145 2128 in
1184 2060 1303 2129 laudes
1334 2079 1375 2128 se

147 2220 292 2288 effundit
320 2220 392 2289 sive
424 2219 556 2311 ingenii
583 2219 659 2311 ejus
687 2221 759 2290 sive
798 2221 992 2312 praesertim
1030 2219 1115 2290 artis
1161 2220 1205 2289 ad
1248 2242 1374 2290 versus

148 2380 407 2470 componendos
460 2379 618 2465 adhibiti,
675 2384 795 2472 utpote
846 2381 903 2450 cui
958 2379 1024 2449 hac
1074 2380 1207 2448 ratione
1252 2378 1376 2448 liceret

148 2545 320 2632 praecepta
373 2541 408 2609 in
473 2543 659 2612 cenaculo
724 2540 866 2633 vulgata
928 2540 1183 2625 commendare,
1235 2563 1376 2609 necnon

149 2701 256 2770 verba
286 2701 357 2771 cari
393 2702 550 2792 magistri
582 2706 692 2791 Hupo
724 2699 904 2793 proferre:
1006 2679 1008 2684 ⁵

204 3020 255 3077 Au
295 3018 401 3077 milieu
428 3019 485 3077 des
510 3019 623 3076 hautes
650 3019 783 3077 beantes
811 3033 872 3092 que
909 3027 977 3077 tout
1007 3020 1125 3078 leetsur
1154 3037 1233 3078 aura
1260 3036 1377 3078 remar-

151 3146 248 3221 quees
276 3162 316 3203 en
343 3163 379 3204 ce
404 3162 561 3217 morceau,
585 3144 660 3220 qu’il
681 3161 733 3202 me
761 3145 821 3201 soit
842 3145 959 3219 permis
987 3145 1026 3203 de
1048 3146 1185 3219 signaler
1210 3164 1253 3203 un
1277 3147 1377 3204 admi-

152 3272 239 3329 rable
264 3272 362 3330 de'tail
388 3272 562 3346 technique.
588 3272 624 3328 le
649 3270 848 3344 veuxparler
861 3271 901 3328 de
922 3279 1003 3329 cette
1017 3272 1137 3329 toilette
1158 3271 1200 3329 de
1219 3272 1314 3329 Henri
1331 3272 1377 3329 lIl

153 3397 182 3453 si
207 3397 494 3471 scrupuleusement
517 3387 636 3453 demite
667 3412 707 3454 en
732 3402 850 3453 termes
875 3412 1019 3470 propios,
1042 3412 1109 3454 «ce
1122 3413 1216 3471 corps
1240 3395 1279 3455 de
1292 3396 1379 3453 satin

153 3522 223 3579 noir
247 3522 346 3597 coupe
370 3525 389 3578 n
409 3522 601 3596 l'espagnole
616 3538 648 3590 u,
678 3536 762 3577 «ces
785 3520 1025 3594 dechiquctures
1052 3521 1126 3579 d’ou
1164 3530 1283 3579 sortent
1316 3522 1378 3579 des

152 3653 332 3718 paraments
347 3665 373 3715 i,
393 3666 406 3697 κ
422 3662 474 3703 ces
488 3646 659 3702 manchons
678 3644 816 3718 gauffrc's
838 3645 879 3701 de
900 3646 985 3702 satin
1000 3646 1092 3702 blanc
1111 3653 1143 3703 et
1161 3663 1214 3703 ecs
1230 3646 1376 3703 manches

153 3771 289 3843 perducs
313 3771 379 3828 ull
402 3746 456 3843 ¹n’y
482 3788 502 3827 a
530 3770 623 3843 qu’un
651 3769 836 3827 alexandrin
859 3770 912 3843 qui
948 3771 1058 3844 puisse
1089 3779 1123 3829 et
1153 3787 1208 3829 ose
1243 3770 1308 3827 dire
1332 3770 1377 3827 de

154 3897 244 3954 telles
272 3897 384 3953 choses
415 3913 422 3951 :
449 3895 522 3953 c'est
545 3894 753 3953 t'alexandru'n
775 3894 896 3969 «franc
918 3900 949 3951 et
969 3894 1081 3966 toyal»
1105 3912 1225 3953 comme
1239 3894 1377 3969 l'appclte

161 4022 196 4079 V.
223 4022 320 4097 Hugo
340 4021 399 4096 (3).

205 4416 241 4478 (ι)
253 4416 312 4467 uae
325 4414 357 4475 s,
374 4410 660 4476 1a4‚1aa‚c‚1o⁷‚
676 4410 739 4462 sos
753 4419 776 4461 a
787 4411 822 4475 n,
837 4412 857 4475 1,
870 4411 941 4475 ass,
952 4411 1025 4463 aas.

209 4523 782 4589 c)viass,1aa‚c,1oa‚uu,1‚1sr.
995 4506 1000 4513 '

212 4638 245 4701 (a)
260 4638 318 4689 vide
330 4638 362 4701 s,
378 4637 449 4697 182.
464 4637 497 4698 c,
513 4636 576 4688 ccc
591 4640 615 4686 a
628 4635 663 4699 u,
680 4636 701 4697 1,
714 4637 786 4689 aaa.
