2942 5100
659 439 858 521 -er-¹

121 621 217 693 haud
250 647 351 694 secus
384 629 487 715 atque
525 625 740 694 romanticus
773 624 914 715 quidam
952 625 1114 715 scriptor,
1143 625 1240 693 illum
1270 647 1350 694 cum

119 788 227 873 poeta
262 784 426 855 Clientes·
454 790 642 876 comparet,
681 790 715 855 et
743 784 837 854 baud
865 807 965 855 secus
998 790 1101 876 atque
1137 786 1349 855 romanticus

119 944 283 1035 scriptor,
312 945 428 1036 legum
459 946 684 1015 classicorum
711 950 871 1016 auctores
907 948 1104 1017 Matherbe
1135 951 1169 1016 et
1193 948 1350 1017 Boileau

118 1107 293 1176 erravisse
325 1106 525 1198 significet:
614 1191 617 1196 Ι

176 1419 228 1477 On
258 1428 334 1494 peut
360 1437 525 1494 comparer
551 1429 631 1478 cette
657 1421 816 1478 imitation
850 1419 981 1494 exquise
1015 1419 1056 1477 de
1089 1419 1170 1476 Bion
1201 1436 1280 1477 avec
1315 1419 1348 1477 la

119 1544 259 1601 seconde
297 1545 396 1618 elegia
428 1545 564 1602 d’Andre
602 1545 745 1603 Chenier.
786 1545 837 1602 On
878 1551 1026 1602 trouvera
1063 1546 1165 1602 meme
1198 1552 1284 1602 entre
1317 1545 1349 1602 la

117 1656 260 1728 maniere
287 1669 327 1728 de
354 1688 390 1729 ce
413 1671 538 1729 dernier
566 1679 598 1729 et
628 1671 703 1728 celle
738 1669 779 1727 de
811 1669 957 1728 Ronsard
986 1670 1058 1743 plus
1093 1669 1184 1727 d’une
1217 1686 1350 1727 cessem-

118 1794 234 1853 blance
261 1795 281 1851 ὰ
310 1795 473 1853 l'ltonneur
496 1795 534 1852 de
555 1801 623 1853 tous
643 1796 734 1853 deux.
762 1795 831 1852 Une
856 1795 975 1852 lecture
996 1795 1146 1868 originale
1169 1794 1226 1852 des
1245 1810 1317 1851 vers
1338 1813 1347 1865 ;

118 1920 178 1977 des
205 1921 321 1976 formes
348 1920 388 1977 de
413 1921 548 1994 phrases
576 1921 721 1995 antiques
750 1928 782 1977 ct
806 1936 924 1977 neuves
949 1921 969 1975 a
991 1920 1024 1976 la
1048 1919 1109 1976 fois
1130 1937 1138 1988 3
1164 1935 1225 1976 une
1251 1918 1349 1975 allure

117 2046 263 2118 pressea,
290 2045 413 2119 inegale
438 2054 470 2102 et
491 2046 570 2104 libre
594 2065 602 2114 ;
630 2045 719 2119 point
750 2046 792 2103 de
817 2050 992 2102 trainautes
1020 2043 1228 2117 appositions,
1255 2043 1350 2117 d'epi-

115 2170 223 2228 thetas
253 2170 406 2240 oiseuses,
434 2170 474 2227 de
509 2178 724 2228 mouvemants
758 2171 952 2244 compasses.
986 2169 1069 2227 G'eat
1105 2185 1166 2243 que
1204 2167 1350 2225 Romard

115 2299 165 2352 est
190 2312 268 2354 eene
289 2301 383 2354 ceant
408 2295 452 2352 les
485 2295 645 2370 preceptor
677 2296 714 2353 de
752 2295 915 2354 Melicerte
945 2301 977 2351 et
1006 2294 1044 2352 de
1075 2293 1236 2361 Botleau;
1274 2293 1347 2350 e'eat

115 2421 283 2494 qu'Andre'
320 2421 451 2478 cruenter
486 2438 507 2477 a
543 2437 580 2478 su
616 2420 681 2478 s'en
714 2420 901 2495 affrcncbtr,
924 2427 956 2477 et
977 2419 1045 2478 cela
1070 2436 1132 2494 par
1154 2419 1282 2476 instinct
1308 2418 1347 2474 de

115 2547 214 2621 genie
231 2547 334 2622 plutdt
353 2565 413 2622 que
429 2565 492 2621 par
516 2550 652 2619 systema
672 2547 890 2606 d'innoeation.
912 2546 988 2604 L’un
1006 2545 1124 2604 n'avait
1144 2562 1204 2620 pas
1226 2543 1345 2619 appris‚

114 2672 229 2730 l'autrc
257 2674 344 2731 avait
369 2673 472 2731 oublie
497 2672 544 2729 les
570 2689 630 2746 pas
653 2673 849 2730 artistement
874 2671 1027 2730 cadenees
1054 2672 1097 2728 du
1126 2678 1251 2727 menuet
1274 2669 1345 2743 poe-

117 2798 207 2872 tique
233 2800 284 2870 (1).

165 3126 251 3210 Quae
289 3150 368 3197 cum
399 3128 448 3195 ita
475 3128 604 3219 scripta
629 3129 710 3212 siut,
737 3128 820 3218 quid
854 3133 906 3196 est
940 3150 1055 3197 causae
1081 3150 1143 3197 cur
1177 3151 1298 3197 versus
1326 3152 1347 3195 a

119 3290 297 3359 Roeoerd
324 3262 363 3359 et¹
388 3289 550 3359 Checier
577 3289 762 3380 compositi
799 3288 995 3373 laudentur,
1045 3289 1113 3358 nisi
1161 3288 1253 3378 quod
1295 3288 1347 3356 illi

121 3455 235 3541 poetae
271 3472 343 3519 non
384 3451 494 3519 secuti
526 3450 595 3518 sint
624 3454 845 3541 praeceptas
882 3452 1079 3520 Mollterbe
1117 3454 1151 3519 et
1187 3451 1347 3520 Boileeu

120 3611 260 3684 tradita.
285 3611 384 3681 Unde
402 3612 502 3681 facile
521 3612 647 3681 inferas
674 3611 742 3679 ista
773 3615 945 3701 praecepta
973 3612 1070 3702 poesi
1101 3611 1346 3682 detrimentum

121 3772 290 3855 attulisse,
330 3772 539 3863 quibusdam
567 3771 688 3839 saltem
729 3771 899 3863 partibus,
929 3771 998 3841 Ubi
1021 3778 1190 3864 tempora,
1220 3773 1346 3863 quibus

119 3935 393 4004 Sciete-Beuee
437 3932 598 4002 laudibus
639 3932 836 4018 extollebat,
876 3954 979 4021 quam
1022 3934 1225 4003 nominabat
1263 3961 1281 4000 (ι
1312 3938 1375 4005 ἰεΔ

115 4096 225 4179 poete
260 4096 305 4163 de
339 4096 378 4163 lo
407 4097 537 4163 reisue
568 4116 583 4159 r
624 4097 685 4161 aut
728 4116 744 4159 ‹
786 4094 821 4161 le
853 4095 992 4161 mettre
1026 4098 1062 4160 et
1104 4097 1139 4161 le
1172 4098 1276 4163 rivel
1301 4098 1347 4166 de

120 4256 263 4324 Recine
300 4276 332 4340 r,
362 4257 397 4323 et
432 4253 500 4323 illis
527 4252 767 4346 gratulabatur
796 4251 857 4341 qui
884 4251 967 4319 satis
994 4251 1141 4322 audaces
1177 4259 1276 4323 arant
1306 4262 1347 4325 ut

165 4593 199 4657 (l)
210 4592 268 4643 lide
284 4591 348 4649 ΘΑ
365 4598 413 4642 oct.
425 4618 455 4629 -
471 4591 516 4648 Qui
532 4590 600 4641 loeus
613 4596 717 4640 mutatus
733 4596 771 4639 eat
791 4589 818 4640 in
837 4586 868 4646 S,
891 4588 964 4653 100,
981 4590 1012 4649 G,
1030 4588 1071 4640 73
1104 4595 1186 4642 annot.
1200 4598 1224 4642 ct
1247 4594 1298 4653 88,
1322 4604 1346 4646 at

120 4682 155 4747 Ιι,
171 4681 234 4735 130
247 4689 331 4733 annot.
351 4688 374 4731 et
386 4680 457 4733 1⁶0.
