2942 5100
639 566 799 632 ..39-

104 755 188 825 tude
216 758 251 823 et
276 753 458 844 rondcau)
487 753 669 822 historiam
699 776 823 845 parum
851 759 1067 847 perspectam
1091 755 1277 847 habuisse(
1301 760 1329 846 ).

106 913 221 984 Nihilo
257 915 371 983 secius
400 917 515 1004 partes
546 913 622 1003 ejus
658 914 827 1004 sequitur.
867 915 942 983 Hoc
975 916 1067 983 enim
1108 920 1261 1000 auctore,
1293 917 1329 985 in

108 1075 218 1166 capite
256 1074 349 1165 quod
381 1074 493 1165 primo
523 1074 580 1144 die
613 1075 742 1144 mensis
776 1075 990 1166 Septembris
1024 1075 1144 1162 edidit,
1173 1077 1331 1146 invectus

106 1241 156 1305 est
202 1237 239 1305 in
284 1241 403 1327 poetas
445 1236 531 1305 sexti
579 1235 705 1306 decimi
751 1235 872 1322 seculi,
917 1236 1010 1326 quod
1063 1236 1331 1329 intemperanter

107 1397 204 1468 novis
234 1398 339 1467 rebus
370 1396 585 1466 studuissent
619 1419 626 1481 ;
660 1396 773 1465 fusius
815 1395 1066 1467 demonstravit
1098 1397 1177 1467 illos
1223 1399 1260 1466 in
1289 1421 1329 1468 eo

107 1557 407 1650 reprehendendos
440 1557 635 1648 essequod
668 1557 811 1627 modum
839 1557 933 1627 haud
967 1560 1230 1628 servavissent:

156 1860 217 1918 Les
250 1861 383 1918 lauriers
422 1860 592 1919 d’Atbenes
638 1869 670 1919 et
694 1860 734 1918 de
759 1861 858 1920 Rome
897 1861 1093 1919 soulevaient
1133 1877 1186 1920 ces
1220 1862 1331 1935 jeunes

107 2004 261 2043 coeurs....
289 1987 334 2044 Its
360 1986 493 2044 atlaicnt
524 1989 625 2044 meme
644 1987 775 2063 jusqu’d
807 1989 959 2062 mepriser·
990 2004 1042 2045 ces
1079 1988 1223 2045 humblea
1251 1987 1331 2043 mais

104 2113 270 2186 pipuantes
291 2112 490 2185 productioris
518 2109 562 2169 du
586 2112 700 2169 terroir
724 2113 895 2187 gaulois...
922 2113 967 2171 La
988 2112 1122 2169 frivolite
1138 2112 1195 2169 des
1219 2115 1328 2185 poetes

104 2237 243 2309 franceis
272 2253 311 2293 ne
336 2237 403 2294 leur
430 2237 575 2310 inspirait
603 2238 691 2295 aussi
716 2238 829 2312 qn'une
856 2239 918 2294 fort
945 2237 1101 2294 mediocre
1133 2237 1268 2294 estimet
1290 2236 1330 2292 ils

104 2362 135 2417 la
170 2363 334 2436 jugeaient
360 2361 403 2418 dn
431 2362 507 2418 baut
526 2363 567 2419 de
589 2363 657 2419 leur
684 2361 850 2431 eruditiom
878 2369 910 2418 ct
937 2379 976 2418 ne
1002 2379 1035 2420 se
1060 2363 1259 2421 sourenaient
1269 2377 1329 2434 pas

105 2503 190 2544 assez
217 2503 279 2561 que
304 2495 384 2544 cette
410 2486 544 2543 frivolite
567 2486 732 2545 dimtnuait
753 2488 794 2545 de
811 2489 883 2563 jour
905 2505 945 2545 en
967 2490 1040 2564 jour
1067 2496 1098 2545 et
1110 2495 1178 2563 'que
1206 2487 1238 2544 la
1256 2487 1329 2562 pot·

107 2613 150 2670 sie
176 2614 286 2669 n’etait
308 2612 384 2686 ddja
407 2613 479 2685 plus
499 2629 559 2669 nne
585 2614 697 2687 simple
723 2614 833 2671 affaire
858 2614 898 2671 de
917 2615 1047 2672 cubaret
1070 2630 1111 2671 ou
1137 2614 1178 2671 de
1199 2613 1326 2670 salon...

105 2739 148 2803 La
174 2739 309 2795 reforme
336 2755 375 2796 en
406 2756 448 2795 un
474 2747 541 2796 mot
565 2738 789 2795 s'intmduisait
811 2756 874 2813 peu
900 2742 921 2796 a
944 2756 1006 2814 pen
1043 2740 1125 2798 dans
1151 2740 1183 2796 la
1207 2739 1327 2814 poesie,

107 2870 136 2919 et
157 2862 204 2919 les
229 2862 369 2919 hommes
393 2863 447 2936 qui
473 2864 505 2920 la
531 2863 712 2921 cultivaicnt
736 2880 776 2920 ne
807 2865 959 2921 restsient
994 2871 1200 2921 aucunement
1228 2864 1330 2920 erran·

106 3006 175 3063 gers
202 3008 244 3047 au
277 2998 473 3047 mouvement
501 2989 702 3047 intellectuel.
743 2989 825 3047 G'cst
848 3007 882 3046 cc
917 2989 1145 3063 qu’oubtidrcnt
1181 2994 1251 3061 trop
1280 2988 1327 3045 les

105 3118 215 3191 jennes
239 3115 388 3189 disciples
413 3117 453 3172 de
478 3115 662 3188 l’andquite.
695 3113 846 3171 Coloraut
872 3114 956 3171 leurs
986 3114 1140 3189 prejuges
1175 3111 1328 3169 d'erudits

105 3239 143 3297 de
162 3248 265 3297 toutes
288 3240 334 3313 les
361 3238 503 3296 illusione
530 3239 571 3296 de
597 3239 630 3295 la
653 3240 801 3312 jeunesse
826 3246 858 3295 et
884 3238 927 3295 du
952 3238 1161 3311 patriotismc‚
1189 3236 1230 3293 ils
1259 3252 1329 3308 pro·

104 3366 271 3421 noncerent
296 3364 372 3438 qu'il
394 3364 553 3421 n'existait
576 3363 642 3419 rien
663 3378 703 3420 en
727 3362 846 3420 Franco
869 3370 956 3419 etse
978 3361 1149 3435 promirent
1176 3361 1216 3417 de
1241 3362 1328 3417 creet

105 3495 220 3549 tout...
239 3489 281 3561 (α)

107 3772 253 3842 Difficile
286 3774 363 3864 quis
397 3772 512 3842 credat
554 3772 653 3843 illum
685 3775 887 3843 Pleiadum
922 3776 1037 3864 partes
1073 3770 1327 3840 inconsiderate

107 3933 231 4001 fovisse
277 3934 336 4024 qui
360 3932 443 4001 talia
472 3934 648 4002 scriberet.

150 4093 352 4163 Proximum
379 4099 493 4162 autern
529 4098 632 4185 caput
671 4098 750 4185 post
789 4093 913 4184 viginti
950 4091 1035 4179 dies,
1075 4092 1130 4161 die
1164 4092 1328 4165 vicesimo

111 4254 237 4323 mensis
261 4255 484 4347 Septembris,
505 4254 508 4261 ’
527 4256 618 4347 typis
658 4255 899 4324 tantummodo
922 4255 1136 4325 'mandatum
1179 4260 1241 4324 est.
1286 4255 1329 4321 Et

167 4608 201 4671 p)
216 4606 272 4658 nu
286 4608 321 4671 u,
334 4608 354 4671 1,
369 4607 441 4659 ms.

168 4726 202 4789 (2)
235 4724 291 4775 'tide
313 4725 351 4777 G.
372 4754 399 4763 -
426 4724 499 4775 Istius
524 4724 570 4773 loci
593 4722 699 4785 quedam
722 4721 792 4770 verba
810 4725 899 4771 mutata
918 4726 975 4767 aunt
996 4718 1020 4767 iu
1046 4716 1078 4777 Β,
1102 4715 1153 4777 56,
1182 4715 1214 4774 G,
1240 4714 1281 4763 46
1308 4720 1331 4760 et

107 4812 138 4870 L,
151 4813 170 4877 Ι,
186 4812 242 4865 82.
