2942 5100
673 494 834 559 ..70-

185 626 352 770 Expedite
395 678 491 748 vides
532 683 700 770 quantum
733 679 824 748 inter
861 702 897 748 so
934 678 1138 749 dissentiant
1170 677 1305 770 primus
1330 687 1359 751 et
1447 750 1449 773 ,

140 840 226 908 alter
264 844 390 926 textus,
430 861 533 930 quam
570 839 681 930 ample
720 841 992 910 Salate-Becco
1035 840 1358 908 commentationem

140 1023 240 1071 suam
281 999 322 1067 de
364 1000 589 1069 classicorum
631 999 718 1069 duce
757 999 962 1085 dilataverit,
993 1021 1097 1089 quarn
1134 979 1293 1068 studiose
1324 1001 1361 1070 de
1447 1080 1449 1083 ¹

139 1161 321 1252 praeceptis
357 1161 432 1251 ejus
462 1160 505 1229 ad
533 1161 680 1230 formam
717 1161 888 1252 poeticam
919 1160 1174 1271 pertinentibus
1211 1159 1359 1250 disputa-

135 1321 234 1408 verit,
287 1321 461 1411 quomodo
521 1320 669 1410 denique
716 1323 776 1389 aut
819 1320 939 1390 laudes
977 1325 1037 1390 aut
1079 1320 1360 1411 reprehensiones

140 1482 314 1572 pendeant
351 1505 472 1551 omnes
510 1504 528 1550 e
571 1482 671 1550 novis
722 1482 990 1572 romanticisque
1040 1481 1226 1569 doctrinis,
1283 1505 1360 1572 quas

141 1665 235 1712 nunc
267 1643 370 1713 favet.

184 1804 270 1887 Quae
307 1803 446 1894 quidem
478 1804 657 1889 doctrinae,
697 1809 735 1874 ut
772 1808 894 1873 notum
926 1810 991 1891 est,
1023 1805 1146 1874 ceteris
1176 1803 1259 1872 libri
1292 1826 1360 1895 par-

141 1964 235 2033 tibus
281 1963 521 2055 explicantur;
565 1964 613 2032 ita
656 1969 695 2034 ut
733 1987 811 2055 spes
857 1987 962 2055 quam
1004 1986 1170 2055 perorans
1220 1967 1360 2034 Sainte-
1447 2036 1449 2075 ÷

142 2139 261 2199 Besae
318 2123 469 2194 declarat
525 2130 558 2193 et
623 2129 706 2193 aetas
765 2112 892 2216 magna
950 2086 1012 2195 et
1051 2125 1204 2216 gloriosa
1264 2147 1361 2214 quarn

142 2285 178 2353 in
209 2285 341 2355 ultimis
373 2285 509 2376 paginis
537 2285 674 2354 videtur
702 2286 912 2376 prospicere,
947 2291 992 2369 et,
1028 2309 1071 2356 ne
1099 2287 1222 2372 multa,
1255 2288 1363 2354 omnia
1394 2357 1396 2360 ,
1447 2264 1449 2313 Ξ

144 2446 181 2514 in
218 2468 321 2538 opere
350 2447 437 2537 ejus,
482 2446 684 2515 memoriam
722 2446 831 2514 libelli
865 2446 1021 2534 Defensa
1056 2452 1092 2516 ct
1128 2450 1361 2516 Illustrctc‘oo

145 2610 190 2677 cle
236 2611 274 2677 lc
318 2611 456 2695 leoque
495 2612 688 2696 franceisc
740 2607 913 2697 inscripti,
935 2613 1103 2676 renovent
1142 2614 1177 2677 et
1219 2606 1293 2698 ejus
1332 2608 1363 2675 in
1447 2563 1449 2722 Ξ

145 2769 355 2836 romanticos
389 2768 544 2836 favorem
596 2768 818 2837 manifestum
863 2767 1003 2838 faciant.
1045 2766 1113 2839 Sed
1155 2790 1234 2857 quae
1278 2725 1365 2858 pagi·
1447 2729 1449 2864 Ξ

146 2952 207 2995 nas
256 2927 298 2995 de
333 2930 529 2997 Melicerte
572 2920 716 3018 scriptas
758 2931 964 3017 sequuntur,
1005 2927 1156 3019 primum
1202 2928 1293 2996 libro
1332 2928 1364 2994 in

147 3088 260 3155 lucem
286 3087 412 3155 emissa
444 3093 538 3173 sunt,
572 3094 611 3157 ut
644 3112 714 3157 non
738 3088 813 3179 jam
841 3090 885 3157 sit
918 3088 1167 3181 comparationi
1194 3089 1306 3159 locus.
