2942 5100
642 460 803 524 ..76-

111 648 302 735 naturaque
343 597 544 736 congruere.
590 646 730 716 Fatetur
772 651 887 739 aperte
921 647 959 715 in
1005 647 1214 737 quibusdam
1252 649 1341 717 seri·

111 805 214 874 bandi
263 805 459 895 generibus
503 806 539 874 in
580 806 707 876 fabulis
753 807 943 898 praesertim
981 807 1135 898 agendis,
1166 806 1341 899 quidquid

110 967 318 1034 tentaverint
345 989 474 1034 vanum
502 971 535 1036 et
562 967 659 1037 futile
693 969 842 1038 evasisse
885 974 931 1055 et,
968 968 1005 1037 in
1038 969 1198 1037 maximis
1230 969 1341 1037 etiam

110 1125 343 1194 recentiorum
375 1125 550 1216 operibus,
588 1127 821 1218 quorumdam
858 1126 1025 1197 vitiorum
1067 1128 1168 1216 quasi
1203 1127 1341 1196 semina

111 1284 264 1372 latuisse,
295 1308 371 1376 quae
399 1310 492 1356 nune
520 1292 670 1378 pateant.
706 1288 828 1374 lmmo,
859 1289 924 1357 etsi
952 1290 1025 1380 ipse
1059 1311 1185 1379 magno
1213 1289 1341 1358 ardore

111 1419 310 1539 praedicavit
350 1447 497 1516 formam
539 1449 711 1517 scribendi
747 1471 809 1540 per
846 1470 882 1517 se
919 1450 1061 1518 maximi
1099 1470 1174 1518 esso
1206 1448 1342 1540 ponde-

111 1609 171 1695 ris,
203 1631 282 1678 oum
314 1631 407 1678 nuno
439 1608 556 1678 videat
589 1573 732 1678 formam
761 1614 938 1700 tamquam
961 1609 1173 1701 praeeipuam
1203 1633 1244 1679 ae
1264 1610 1342 1679 fero

112 1739 221 1837 solam
253 1767 368 1859 aliquo
397 1770 433 1837 in
455 1769 532 1838 loeo
561 1792 648 1857 esse,
665 1769 858 1839 reclamitat
887 1770 987 1839 istius
1020 1769 1115 1839 modi
1145 1744 1337 1839 doetrinis:

112 1932 226 2021 itaque
258 1930 301 2000 de
332 1930 534 2017 Theophile
573 1934 731 2001 Goutier
772 1930 923 2023 quadam
962 1931 1018 2002 die
1074 1931 1205 2021 aliquid
1243 1953 1342 1999 oom-

111 2089 239 2184 posuit,
285 2088 331 2180 (2)
367 2111 436 2180 quo
465 2090 681 2158 romantismi
711 2088 777 2174 sui,
813 2094 852 2158 ut
884 2089 996 2159 amieo
1033 2089 1171 2158 euidom
1208 2089 1341 2159 seribe-

111 2251 181 2334 bat,
212 2251 298 2320 fines
335 2251 502 2322 deliniret.
546 2251 636 2342 Ergo
672 2250 847 2344 plerisque
883 2252 987 2320 rebus
1029 2274 1050 2319 a
1083 2274 1120 2322 so
1160 2252 1343 2342 quondam
1463 2211 1469 2276 Ξ

112 2412 322 2482 confirmatis
353 2413 495 2482 modum
529 2412 712 2505 quemdam
744 2411 897 2496 adhibet,
933 2413 1092 2503 quaedam
1130 2413 1234 2481 etiam
1262 2411 1343 2503 ipse

112 2574 246 2645 refellit.

155 2719 231 2789 Hae
261 2718 367 2810 igitur
399 2722 526 2807 mente,
562 2724 601 2788 ut
628 2718 676 2787 ita
708 2718 836 2805 dicam,
867 2718 993 2805 media,
1025 2740 1117 2789 anno
1151 2717 1342 2788 millesimo

113 2879 400 2970 octingentesimo
449 2878 711 2971 quadragesimo
756 2880 871 2965 tertio,
917 2902 1005 2971 opus
1055 2902 1158 2948 suum
1201 2878 1341 2949 revisit.

112 3040 226 3128 Atque
269 3038 390 3129 primis
437 3041 479 3108 ab
520 3040 628 3109 initiis
675 3044 792 3131 aperte
830 3040 1036 3110 sententiam
1074 3044 1109 3109 et
1149 3038 1342 3109 eonsilium

113 3199 263 3270 ostendit
283 3222 290 3268 :

164 3558 261 3617 leuno
286 3568 318 3617 et
330 3560 466 3617 contient
478 3559 637 3630 toutefois,
648 3560 693 3633 J'y
701 3560 885 3634 multipliais
894 3561 941 3618 les
968 3559 1246 3634 rapproohements
1259 3574 1345 3615 avec

112 3686 141 3741 le
175 3691 278 3758 temps
310 3684 446 3763 present,
489 3700 565 3741 avec
603 3683 660 3742 des
696 3702 787 3741 noms
829 3685 939 3754 aimes,
972 3701 1049 3742 avec
1089 3692 1157 3741 tout
1191 3692 1240 3741 oet
1276 3687 1344 3757 age

112 3810 244 3868 d'abord
273 3811 301 3869 si
332 3811 452 3868 fervent
478 3810 518 3868 de
547 3827 603 3867 nos
631 3812 832 3885 esperauces.
864 3811 901 3869 le
934 3827 972 3867 ne
1002 3810 1168 3867 retransite
1195 3810 1265 3866 rten
1295 3825 1345 3864 ou

112 3935 132 3993 ὰ
152 3954 214 4011 peu
234 3937 310 4011 pres
331 3938 401 3994 rien
426 3937 634 4012 aujourd’ltut',
657 3938 757 3994 meme
775 3937 806 3993 ld
826 3937 866 3994 oit
887 3937 911 3992 il
936 3936 1118 3993 semblerait
1142 3934 1219 4010 qa'il
1232 3949 1263 4005 y
1285 3936 1345 3991 etit

113 4062 291 4135 mdoompte.
314 4064 359 4119 La
386 4062 494 4135 poesie
518 4062 675 4132 franeaise
698 4062 742 4118 du
767 4074 836 4118 xlx⁰
858 4060 953 4118 siecle
967 4069 999 4117 et
1025 4060 1100 4118 celle
1126 4060 1169 4118 du
1194 4072 1264 4117 rtvrt
1279 4070 1343 4117 ont

112 4189 265 4259 peut-etna
278 4202 318 4243 en
331 4187 452 4244 oelaun
474 4193 605 4260 rapport
618 4186 658 4244 de
676 4187 748 4259 plus
770 4204 848 4260 pour
866 4187 899 4242 la
913 4187 1054 4243 destinee
1075 4202 1083 4242 ε
1107 4186 1301 4259 l'espdrance
1318 4205 1343 4259 y

112 4310 252 4381 domine3
266 4312 289 4367 il
302 4328 324 4384 y
338 4318 391 4368 eut
409 4311 479 4383 plus
494 4310 534 4368 de
556 4311 652 4367 fleurs
673 4327 734 4384 que
757 4312 797 4369 de
820 4312 970 4369 moisson.
986 4312 1033 4381 Et,
1056 4319 1126 4368 tout
1143 4312 1217 4369 bien
1236 4310 1347 4367 eonsi-

165 4657 198 4721 θ)
215 4657 272 4709 Vide
287 4660 392 4711 Portroits
407 4660 595 4726 Conumporoinr,
613 4664 645 4727 ll,
658 4664 715 4716 ott.

202 4812 214 4849 t
