2942 5100
689 530 849 595 -85..

196 717 301 787 Nune
349 719 463 787 autem
511 715 649 786 videtur
706 738 806 808 aequo
868 714 986 784 animo
1031 713 1120 785 ferre
1175 715 1271 798 vitia
1302 738 1380 807 quae

147 877 317 948 dicuntur
344 879 519 949 chevilles
547 877 584 947 in
618 877 776 948 versibus
809 876 973 948 dramatis
1005 874 1154 945 inveniri
1186 879 1233 962 et,
1260 881 1300 947 ut
1330 875 1380 946 ita

149 1039 280 1126 dicam,
317 1037 533 1110 clandestino
565 1037 686 1109 scribit
724 1062 732 1109 :

204 1339 291 1396 Dans
304 1338 353 1397 les
367 1336 596 1398 «Meditations
612 1359 626 1393 s
641 1354 683 1397 ou
695 1337 775 1397 dans
786 1337 984 1414 sl'Aoeugte.
1000 1360 1015 1393 a

150 1628 255 1715 atque
280 1622 318 1691 in
351 1623 598 1695 adnotatione:

202 1925 244 1983 Le
258 1926 370 2012 poema
383 1924 547 1985 d'Homere
562 1942 622 2001 par
635 1926 743 2011 Andre
758 1926 920 2003 Chenier(
939 1929 968 2004 ).

195 2209 367 2297 Fluxerat,
425 2232 494 2302 quo
550 2207 687 2279 facilius
748 2209 923 2279 doctrinas
982 2233 1063 2280 suas
1120 2214 1373 2305 comprobaret,

145 2369 393 2461 Hispanienses
428 2372 586 2439 auctores
627 2368 664 2437 in
697 2368 741 2438 iis
774 2391 860 2460 quas
906 2369 950 2438 ad
984 2393 1123 2439 scenam
1155 2344 1374 2464 composuisss

144 2533 226 2601 sent
257 2530 396 2615 fabulis,
424 2529 594 2601 rationem
624 2535 753 2600 certam
782 2533 816 2599 et
845 2530 1044 2624 concepisse
1068 2535 1102 2601 et
1124 2537 1261 2603 secutos
1286 2557 1374 2621 esse,

144 2712 229 2782 quae
248 2690 394 2761 feliciter
425 2683 640 2780 objiceretur
674 2696 708 2760 et
734 2691 861 2760 rationi
890 2697 924 2761 et
952 2691 1080 2783 regulis
1115 2693 1158 2762 ab
1186 2693 1373 2763 Aristotele

142 2851 297 2921 inventis
324 2875 331 2922 :

200 3189 314 3260 Quand
327 3187 497 3246 Cervantes
515 3187 643 3262 etVega
653 3187 863 3245 franchissent
876 3187 917 3245 de
928 3188 1019 3262 longs
1032 3186 1213 3244 intervalles
1226 3186 1374 3245 d'annees

144 3331 188 3372 ou
202 3313 241 3370 de
254 3330 346 3387 pays,
360 3313 400 3371 ils
416 3320 470 3369 ont
482 3330 525 3369 un
538 3314 595 3371 hut
609 3321 640 3370 et
652 3312 755 3369 visent
769 3314 789 3369 a
807 3312 941 3386 quelque
956 3314 1027 3371 effet
1040 3312 1140 3383 d'art;
1156 3328 1208 3369 ces
1223 3312 1375 3386 irregula-

143 3440 222 3509 ritee
232 3446 421 3513 apparentes
445 3455 480 3495 se
496 3438 672 3496 rattachent
690 3437 771 3493 dans
787 3437 854 3494 leur
875 3438 973 3510 esprit
989 3440 1009 3494 a
1022 3455 1064 3494 un
1079 3439 1215 3509 systema
1228 3438 1374 3511 tragique

143 3564 233 3621 aussi
248 3564 383 3637 complet
396 3571 427 3622 et
442 3563 531 3621 aussi
543 3564 772 3637 imposantque
787 3562 866 3620 celui
875 3563 933 3620 des
941 3563 1050 3633 Grecs‚
1062 3563 1136 3620 bien
1146 3579 1207 3637 que
1220 3561 1375 3619 differem·

145 3695 232 3746 ment
242 3688 396 3745 construit
409 3688 467 3763 (2).

190 3999 271 4086 Sed,
306 4021 397 4069 anno
430 3998 613 4069 millesimo
643 3997 928 4090 octingentesimo
960 3981 1225 4094 quadragesimo
1256 4000 1370 4087 tertio,

43 4144 46 4147 ’
143 4184 223 4253 quae
252 4116 430 4230 audacius
447 4161 501 4230 his
527 4161 642 4231 verbis
670 4162 911 4249 affirmaverat,
943 4162 1064 4232 adimit
1093 4186 1101 4231 ε

192 4648 228 4713 (1)
244 4647 303 4699 Vide
315 4647 349 4708 G,
366 4647 429 4700 tes
442 4654 467 4700 ct
482 4649 562 4701 adnot.
577 4649 644 4714 eth,
657 4650 677 4708 l,
691 4648 788 4701 acta
801 4650 881 4701 adnot.

190 4763 224 4828 (2)
235 4762 293 4814 tide
306 4761 339 4826 Β,
352 4759 427 4816 307.
