2942 5100
623 481 782 547 -33..

96 670 192 736 ritate
221 667 428 758 conjunctos
458 688 531 736 esse
568 671 706 757 poetam
747 671 780 736 et
821 667 992 753 criticum,
1033 690 1112 737 cum
1149 669 1246 753 alter,
1280 669 1316 738 in

94 851 157 897 usu
197 826 386 896 domestico
410 826 558 896 blandus
601 851 642 896 ac
686 827 901 911 lenocinans
933 829 1135 898 auctoritate
1166 829 1315 920 quadam

94 990 250 1080 magistri
275 990 366 1081 apud
410 991 541 1060 amicos
578 989 719 1077 valeret,
754 988 864 1075 alteri,
895 990 987 1080 quod
1028 974 1207 1060 muliebris
1244 994 1318 1061 erat

93 1150 222 1242 ingenii
250 1151 426 1240 animique
453 1151 693 1236 inconstantis,
733 1172 866 1241 semper
896 1156 935 1220 ut
961 1151 1010 1220 ita
1033 1151 1147 1221 dicam
1176 1153 1316 1223 domino

94 1335 134 1381 ac
161 1333 243 1402 rege
271 1334 358 1404 opus
390 1315 479 1381 esset
515 1313 576 1402 (1).
619 1312 705 1395 Quae
755 1313 955 1398 auctoritas,
990 1318 1029 1382 ut
1063 1336 1126 1404 par
1154 1319 1239 1402 erat,
1274 1314 1318 1383 ad

97 1470 230 1540 litteras
287 1472 439 1564 primum
491 1473 609 1565 potius
650 1495 754 1562 quam
808 1473 851 1540 ad
894 1472 1069 1542 doctrinas
1120 1475 1162 1543 de
1216 1476 1318 1543 rebus

97 1631 224 1701 divinis
252 1636 312 1701 aut
341 1631 489 1725 publicis
526 1632 646 1702 valuit.
685 1633 801 1701 Primo
830 1634 923 1702 enim
965 1634 1002 1701 in
1035 1634 1219 1726 colloquio,
1257 1657 1318 1704 seu

96 1794 183 1862 forte
214 1815 276 1863 seu
303 1797 415 1884 poetae
447 1793 638 1879 voluntate,
674 1816 786 1862 sermo
816 1794 858 1862 de
887 1798 958 1862 arte
987 1794 1122 1885 poetica
1140 1796 1318 1886 formaque

96 1953 270 2024 scribendi
303 1954 482 2024 institutus
517 1958 580 2042 est,
614 1975 676 2044 per
714 1976 818 2044 quem
858 1957 895 2023 V.
925 1959 1035 2042 Hupo
1063 1955 1202 2046 propria
1231 1979 1320 2046 prae-

97 2119 196 2206 cepta
212 2115 383 2207 exposuit,
405 2115 446 2184 de
465 2115 579 2183 verbis
609 2113 814 2184 adhibendis
833 2119 867 2184 et
889 2115 1047 2184 versibus
1072 2114 1319 2204 componendis

95 2281 130 2346 et
171 2275 328 2346 numeris
352 2275 605 2346 contexendis.
636 2277 907 2346 Sainte-Beuoe
943 2279 1071 2362 autem,
1104 2277 1320 2366 poematibus

95 2436 182 2506 sexti
206 2436 330 2506 decimi
359 2436 467 2506 seculi
493 2440 527 2506 et
542 2440 613 2506 arte
629 2435 734 2527 hujus
749 2438 915 2528 temporis
929 2439 1112 2528 poetarum
1129 2437 1230 2506 valde
1244 2459 1322 2506 eru-

93 2599 209 2668 ditus‘
235 2621 297 2690 per
333 2598 485 2694 recentia
528 2598 654 2685 studia,
679 2598 780 2667 facile
809 2598 1052 2668 animadvertit
1085 2622 1190 2689 qnam
1234 2600 1322 2669 mire

98 2761 331 2849 congruerent
374 2781 453 2828 cum
491 2758 594 2827 novis
644 2756 809 2827 doctrinis
846 2758 1013 2827 doctrinm
1044 2760 1258 2843 Pleiadum,
1288 2762 1322 2827 et

94 2918 131 2986 in
160 2918 325 3009 operibus
356 2919 441 2989 sexti
468 2919 593 2988 decimi
616 2919 723 2989 seculi
757 2918 889 2987 invenit
911 2918 986 3010 ipse
1009 2922 1225 3009 argumenta,
1245 2918 1321 3009 qui-

98 3080 167 3149 bus
202 3085 262 3150 aut
293 3079 396 3171 plane
424 3079 688 3149 confirmaretur
712 3083 774 3147 aut
790 3060 911 3147 saltem
934 3076 1157 3169 adjuvaretur
1184 3102 1323 3147 roman-

98 3238 251 3309 ticorum
302 3263 400 3310 usus.
454 3239 575 3309 Altero
623 3260 782 3309 sermone
829 3260 1016 3330 persuasus
1064 3244 1116 3308 est
1163 3239 1317 3308 omnino.

98 3399 223 3489 ltaque
270 3404 356 3469 tunc
400 3424 506 3469 ausus
552 3404 605 3469 est
637 3399 743 3490 (quod
777 3403 878 3467 antea
909 3399 1052 3488 nemini)
1080 3422 1203 3468 versus
1239 3422 1320 3469 suos

103 3559 220 3628 amico
262 3581 354 3629 novo
388 3559 636 3628 existimandus
667 3559 799 3628 deferre
828 3559 889 3648 (2).
926 3558 1061 3640 Quibus
1105 3560 1321 3650 poematibus

102 3720 221 3789 statim
254 3718 425 3810 perlectis,
478 3723 600 3809 Haeo,
634 3719 708 3788 sine
746 3718 819 3788 ulla
866 3742 976 3805 mara,
1017 3719 1107 3787 hanc
1140 3718 1321 3810 epistulam

104 3881 210 3949 anxio
235 3880 357 3971 juveni
384 3880 481 3949 misit
508 3904 516 3948 :
559 3904 574 3948 a
604 3882 652 3950 Ge
682 3883 826 3951 asmodi
862 3879 1094 3971 [mi-fdorier
1128 3878 1242 3968 1827]⁸
1276 3920 1322 3931 —

109 4046 230 4112 Verres
257 4043 345 4129 cite,
374 4043 580 4128 Moesiam,
614 4061 684 4128 quc
711 4046 747 4125 je
773 4059 862 4108 voco
892 4041 1077 4107 rameseie
1108 4039 1170 4107 dea
1200 4040 1324 4109 baccae

100 4222 189 4271 uera
208 4202 298 4273 dont
332 4222 421 4273 oeus
449 4222 509 4271 me
540 4205 652 4288 faites
699 4203 733 4269 le
779 4199 976 4285 confident.
1019 4202 1063 4267 Je
1107 4218 1208 4267 occec
1234 4218 1324 4268 coca

161 4602 348 4669 (nvitatus,
363 4602 407 4667 op.
422 4601 497 4661 land..
511 4616 536 4667 p.
552 4600 623 4653 321.

162 4718 261 4784 (Nida
274 4719 369 4784 Lauda,
385 4719 429 4783 xl.
444 4718 507 4771 502
521 4724 545 4769 et
557 4717 666 4786 Pertratts
679 4714 866 4777 manupastus,
879 4713 899 4774 1,
912 4710 984 4761 480.

975 4813 977 4828 ¹
1185 4822 1206 4883 3
