2942 5100
659 521 819 586 ...40-

127 707 273 776 forsitan
308 711 420 798 putes,
459 707 581 777 mediis
618 706 673 776 his
701 706 835 793 diebus,
878 707 1144 780 Salute-Bcuoe
1185 710 1348 801 aliquan·

127 867 240 936 tulum
265 867 470 936 sententiam
502 867 691 937 mutavisse
722 871 756 936 et
786 869 860 959 jam
897 868 940 937 ad
975 869 1115 938 mitiora
1148 869 1346 940 inclinasse⁴

171 1027 249 1096 Non
276 1031 391 1096 tamen
414 1026 581 1098 doctrinis
602 1028 704 1119 plane
741 1028 993 1098 assentiebatur
1020 1052 1108 1120 quas
1132 1032 1184 1099 du
1201 1032 1348 1120 Bellay,

127 1187 164 1256 in
200 1188 329 1275 libello,
367 1188 426 1278 qui
450 1189 597 1278 Defeusc
633 1194 666 1259 ct
692 1191 916 1274 Illustrclion
944 1191 986 1258 de
1021 1191 1057 1259 le
1086 1191 1213 1281 lacque
1244 1191 1351 1283 freu—

129 1352 219 1432 caise
272 1347 460 1441 inscriptus
507 1353 570 1434 est,
626 1355 843 1441 exposuerat.
893 1350 1041 1419 Multum
1088 1352 1192 1421 etiam
1240 1321 1349 1423 abest.

130 1509 264 1578 Etenim
304 1511 424 1601 juveni
470 1515 503 1580 et
539 1511 751 1602 imprudenti
794 1516 904 1602 poetae
942 1511 1083 1601 crimini
1114 1513 1221 1582 vertit
1261 1513 1352 1602 quod

129 1670 266 1740 incaute
291 1677 463 1762 poemata,
493 1675 692 1742 rondcauec
716 1677 751 1741 et
778 1674 955 1758 hellades
985 1672 1187 1742 innocentia
1213 1673 1353 1764 quidem
1464 1746 1468 1766 Ι

129 1831 286 1922 quamvis
326 1832 469 1923 paulum
517 1833 682 1920 obsoleta,
731 1856 822 1925 aegre
868 1834 1015 1919 tulerit;
1050 1834 1143 1924 quod
1184 1835 1353 1926 epigram-

130 1997 223 2060 mata
261 1993 444 2085 elegosque
480 1997 607 2064 Marot
648 1995 757 2063 nostri
792 1995 1049 2087 contempserit,
1089 1995 1173 2065 dum
1215 1996 1355 2087 eclogas

130 2153 217 2243 ejus,
247 2153 381 2245 frigidis
410 2155 694 2224 similitudinibus
717 2155 928 2245 inquinatas
950 2156 1189 2249 intempestive
1207 2157 1353 2241 landet;

132 2314 224 2405 quod
257 2316 428 2384 mirabilis
461 2317 619 2406 quaedam
646 2316 736 2385 effici
769 2339 972 2408 persuasum
1012 2318 1184 2405 habuerit,
1214 2318 1357 2386 nomine

136 2499 151 2542 c
188 2476 410 2563 seq-dd'dne
445 2499 461 2542 s
503 2476 540 2545 in
586 2498 713 2546 nomen
754 2501 770 2544 ι
805 2477 910 2547 satira
950 2501 965 2544 s
1005 2500 1173 2547 converso
1205 2502 1213 2564 ;
1262 2477 1358 2570 quod

132 2641 262 2707 veteres
313 2638 502 2708 cantilenas
556 2643 693 2709 nostras
749 2639 1001 2731 prohibuerit;
1059 2639 1151 2729 quod
1207 2640 1358 2731 denique

133 2823 205 2869 non
235 2800 440 2869 intellexerit
468 2800 638 2871 Gallicum
666 2801 823 2885 mimum,
854 2802 926 2870 sive
952 2806 1096 2888 «force
1117 2825 1148 2889 s,
1170 2801 1358 2893 aliquando

133 2983 250 3029 veram
292 2962 528 3052 sinceramque
566 2962 772 3031 comoediam
814 2984 918 3046 esse;
955 2967 1058 3052 atque
1096 2963 1145 3031 ita
1175 2968 1316 3053 perorat
1347 2986 1355 3031 :

186 3446 228 3519 At
241 3453 309 3503 tout
336 3445 480 3520 prendre,
496 3448 528 3504 la
559 3445 692 3503 reforme
722 3445 899 3518 proclames
928 3463 988 3519 par
1016 3447 1060 3503 du
1090 3445 1200 3521 Bellay
1236 3463 1359 3504 comme

133 3588 194 3629 une
219 3572 469 3661 decouvertede
495 3573 527 3628 la
551 3572 652 3641 veille,
673 3587 708 3628 se
728 3570 882 3628 reduisait
907 3573 927 3627 a
955 3571 1038 3629 deux
1058 3580 1157 3646 parts,
1180 3573 1255 3630 dont
1277 3573 1360 3629 l'nne

131 3698 212 3754 n'est
234 3714 293 3771 pas
322 3698 411 3755 aussi
434 3713 545 3767 neuve‚
572 3697 604 3753 ni
631 3697 742 3754 l’autre
770 3696 858 3754 aussi
882 3698 1056 3769 pratioable
1081 3698 1156 3772 qu’il
1178 3699 1208 3755 le
1235 3698 1359 3771 preten-

134 3821 212 3879 uait.

180 4252 324 4338 Deinde,
360 4272 439 4321 cum
479 4250 521 4319 de
558 4251 669 4341 poetis
715 4252 842 4321 horum
884 4256 1079 4342 temporum
1121 4252 1294 4342 promissa
1340 4274 1360 4318 a

136 4418 188 4483 du
204 4415 336 4500 Bellay
359 4410 500 4502 implere
525 4411 731 4481 conantibus
752 4412 890 4481 locutus
914 4417 976 4498 est,
998 4435 1069 4482 non
1095 4412 1212 4481 minus
1237 4411 1360 4481 acerbe

138 4572 285 4660 scripsit.
326 4570 415 4638 Nam
461 4569 539 4637 illos
582 4570 720 4639 incusat
759 4571 852 4661 quod
887 4572 1055 4663 linguam,
1085 4577 1125 4642 ut
1154 4574 1204 4642 ita
1245 4573 1360 4642 dicam

136 4751 241 4797 manu
278 4728 417 4812 factam,
460 4726 628 4795 fabricare
664 4728 767 4795 enisi
799 4730 880 4812 sint,
920 4729 1102 4822 illuditquc
1143 4732 1222 4801 illos
1266 4730 1362 4821 quod
