2942 5100
665 423 826 488 ..62-

182 607 282 688 Quod
322 629 453 675 novum
489 607 662 698 judicium
700 609 853 677 studiose
893 609 1129 692 confirmatur,
1168 609 1356 679 multorum

134 771 332 858 poematum
383 768 596 859 argumentis
647 769 823 860 expositis,
872 769 1100 860 versibusque
1154 769 1269 838 allatis
1327 775 1358 839 et

134 928 417 998 adnotationibus
449 952 554 1020 quarn
584 929 841 1021 benignissimis
872 929 1084 1020 interpositis
1118 929 1177 1021 (t).

178 1090 281 1171 Quod
324 1094 440 1158 eutem
477 1090 598 1159 attinet
640 1113 710 1159 non
750 1090 823 1181 jam
863 1091 905 1159 ad
951 1091 1108 1181 singulos
1158 1080 1354 1180 scriptores,

135 1253 310 1320 Rooaord
338 1255 398 1319 aut
436 1253 487 1320 do
520 1255 652 1339 Bellay
680 1254 741 1320 aut
770 1255 877 1337 Bais,
912 1252 971 1320 sed
1005 1251 1047 1319 ad
1080 1256 1192 1320 totum
1234 1253 1357 1320 Picio»

135 1413 225 1480 dum
295 1415 518 1495 conventum,
575 1414 754 1502 totamque
805 1411 998 1481 litterarum
1067 1410 1356 1480 restituendarum

134 1570 367 1662 disciplinam,
411 1595 481 1641 non
518 1573 634 1642 minus
673 1573 764 1641 clare
811 1577 905 1661 patet
944 1595 1048 1663 quam
1081 1573 1198 1641 vivido
1242 1593 1356 1640 amore

133 1754 216 1823 erga
253 1737 372 1823 poetas
409 1735 443 1800 et
474 1737 645 1823 praecepta
690 1731 794 1801 simul
835 1755 930 1800 nunc
970 1732 1175 1803 incendatur
1218 1736 1357 1802 Sainte-

134 1903 266 1964 Beuoc.
301 1895 374 1963 Aut
408 1892 527 1962 laudes
560 1892 656 1961 addit
686 1916 692 1961 :

187 2091 357 2148 Gracieuse
395 2089 510 2162 image,
542 2089 637 2162 qu'on
671 2089 769 2146 serait
806 2089 890 2146 tento
917 2086 1115 2162 d’appliquer
1141 2089 1161 2143 a
1185 2089 1217 2145 la
1251 2088 1356 2160 poesie

133 2214 172 2272 de
200 2233 235 2272 ce
260 2216 425 2290 temps-ld!
453 2215 517 2272 Elle
538 2215 636 2284 aussi,
658 2231 698 2270 on
718 2215 761 2270 l’a
784 2214 930 2270 «laissde
943 2214 1040 2270 fletrir
1052 2213 1165 2270 dessus
1178 2213 1357 2270 lebranche

132 2358 191 2415 par
217 2341 302 2397 oubli
316 2359 334 2396 r>
361 2348 392 2397 ct
419 2356 498 2397 nous
521 2355 639 2397 venons
660 2339 734 2396 bien
757 2339 829 2395 tard
847 2339 1047 2413 aujourd’hui
1069 2356 1149 2412 pour
1171 2339 1203 2396 la
1220 2337 1355 2396 cucillirt

132 2465 218 2522 Avec
244 2482 287 2521 un
310 2482 374 2538 peu
401 2464 440 2522 de
466 2464 611 2538 patience
635 2464 794 2533 toutefois,
818 2476 859 2520 on
879 2471 926 2520 est
951 2479 1085 2538 presque
1105 2466 1162 2521 adr
1177 2463 1215 2520 de
1239 2469 1357 2519 retrou

133 2608 185 2651 cer
209 2591 247 2647 de
270 2608 319 2648 ces
336 2591 460 2648 beantes
476 2607 587 2647 encore
601 2590 717 2663 jannes
738 2596 769 2645 et
783 2590 928 2676 sratches
952 2590 1067 2663 jusque
1088 2591 1161 2646 chez
1182 2590 1229 2647 les
1247 2590 1356 2661 poetes

133 2713 249 2772 d’alors
276 2716 323 2773 les
344 2716 446 2772 moins
471 2730 588 2773 connus
600 2713 667 2787 (2);

134 2896 195 2961 aut
226 2893 419 2962 acerbiores
448 2892 635 2963 sententias
662 2894 773 2961 mutat
803 2914 810 2958 :

342 3090 382 3160 G,
398 3088 501 3146 8nov.
858 3128 866 3143 .
986 3086 1146 3163 S,127(3)

169 3213 252 3271 Sans
278 3216 323 3274 cie
345 3214 452 3285 refelle,
475 3230 549 3271 sans
579 3213 718 3287 origine·
810 3213 889 3269 Tout
915 3230 955 3270 en
980 3214 1055 3288 effer
1068 3214 1175 3271 n'etait
1186 3216 1278 3288 point
1291 3214 1355 3271 bar-

135 3339 189 3397 tite
209 3357 336 3414 propre,
365 3316 471 3397 l'ecole
496 3340 536 3395 de
560 3335 716 3406 Ronsard,
773 3337 847 3394 bare
859 3338 937 3395 dans
953 3338 982 3395 le
992 3339 1152 3411 premidre
1168 3341 1308 3397 muniere
1320 3340 1356 3396 de

132 3466 238 3539 quand
259 3465 317 3523 elle
339 3473 393 3523 eut
411 3463 520 3537 dpuise
543 3463 718 3519 l'imitation
772 3462 917 3521 Ronsard
940 3469 971 3520 et
995 3464 1032 3520 de
1059 3481 1109 3522 ses
1134 3466 1215 3522 amis
1243 3481 1251 3520 ε
1277 3481 1355 3521 nous

132 3606 268 3665 grecquc
293 3598 325 3647 et
347 3589 454 3659 latine,
482 3605 517 3647 sa
552 3590 620 3662 ieta
646 3588 717 3662 plus
771 3587 889 3645 l’avons
944 3588 1173 3646 suffisamment
1226 3589 1353 3647 montre'.

132 3716 417 3789 perticulierement
450 3731 503 3771 sur
542 3712 718 3770 l’imitation
773 3712 1355 3787 L’imitationitalienneyentraitddje

132 3840 279 3899 italienne
302 3848 333 3898 et
357 3839 487 3913 l’epnisa
507 3854 626 3896 comme
644 3837 719 3894 l’au·
772 3854 852 3910 pour
876 3839 1069 3927 beaucoup3
1102 3839 1160 3896 elle
1187 3856 1291 3913 gregna
1317 3840 1354 3896 de

133 3974 179 4023 tre
196 3981 297 4039 :pour
308 3965 380 4036 elle,
393 3964 494 4021 c’etait
511 3963 542 4020 ld
556 3980 588 4021 se
597 3962 719 4037 perfec·
772 3963 843 4036 plus
857 3965 982 4037 euplus
1000 3971 1042 4035 et,
1058 3951 1116 4021 des
1133 3981 1195 4038 que
1208 3964 1241 4021 la
1262 3966 1353 4021 fievre

133 4092 265 4147 tienner.
774 4087 961 4161 pindarique
985 4088 1033 4146 fut
1055 4089 1190 4160 tombe'e,
1212 4090 1270 4147 elle
1294 4090 1354 4163 prit

181 4269 218 4333 (1)
233 4268 437 4332 Notandumjmihi
452 4269 552 4332 ridetur,
565 4268 591 4319 in
607 4268 660 4317 libri
672 4234 827 4330 editionibus,
843 4282 892 4317 non
906 4269 955 4329 jam
979 4280 1053 4328 genus
1068 4267 1188 4318 scribendi
1202 4281 1354 4331 versuumque
1458 4325 1460 4330 Ι

135 4358 353 4422 componendorum
366 4373 380 4408 a
394 4358 503 4407 Ronsnur
515 4358 558 4408 sed
572 4373 585 4407 a
599 4358 655 4407 Brir
663 4356 795 4406 abacorum
808 4370 862 4407 cum
872 4356 1044 4407 unsuetudine
1057 4356 1248 4421 portuensium
1262 4371 1354 4422 compa·

133 4458 192 4495 ran.

188 4549 221 4615 (2)
237 4550 294 4599 vide
308 4550 339 4613 Β,
353 4550 425 4613 121,
443 4550 563 4613 (19701
578 4546 725 4609 111170.

186 4658 219 4719 (t)
234 4657 293 4706 Vide
306 4657 340 4716 G,
354 4656 420 4709 102
436 4664 459 4707 et
469 4658 504 4720 1,
517 4657 540 4714 1,
552 4657 622 4709 181.
