2942 5100
666 467 826 532 ..74-

176 654 413 725 Lausannensi
440 658 555 722 autem
583 654 625 722 ab
658 653 745 723 urbe
767 677 960 746 regressus,
986 677 1066 724 cum
1095 654 1170 745 jam
1194 653 1374 732 omnibus

130 815 172 885 de
191 814 414 905 philosophia
437 817 498 882 aut
531 811 710 905 relligione
740 815 833 883 curis
871 837 907 882 se
938 816 1138 884 exsolvisset
1176 819 1211 884 et
1244 816 1375 906 quieta

128 974 370 1044 incredulitate
404 978 587 1044 contentus
614 978 715 1061 esset,
744 975 853 1043 otium
878 977 909 1043 ei
930 975 995 1043 fuit
1023 975 1216 1045 litterarum
1244 976 1372 1044 denuo

132 1135 403 1204 tractandarum.
436 1133 503 1205 Sed
530 1139 614 1204 tuna
647 1135 838 1204 ambitiosis
871 1135 1158 1227 pbilosophorum
1190 1136 1369 1206 doctrinis

133 1298 401 1390 ingentibusque
426 1296 605 1387 promissis
643 1297 797 1388 minime·
810 1296 883 1387 jam
921 1296 1128 1383 confidebat,
1162 1299 1235 1387 qui,
1266 1319 1369 1366 anno

133 1458 317 1528 millesimo
368 1456 657 1547 octingentesimo
712 1457 885 1525 tricesimo
942 1461 1078 1543 octavo,
1129 1457 1299 1527 scriberet
1355 1481 1364 1526 :

132 1638 150 1678 a
172 1616 235 1682 Les
261 1616 449 1699 principes
477 1633 521 1680 ue
554 1616 678 1681 vateut
712 1633 779 1698 pue
813 1633 911 1698 pour
941 1635 979 1680 ae
1013 1619 1171 1702 qu’oup
1203 1621 1278 1682 met
1315 1616 1366 1682 de

134 1777 355 1861 particutier
392 1782 427 1843 et
458 1777 501 1843 de
540 1777 720 1860 correctis
748 1776 939 1860 perpetuet
971 1777 1064 1843 daus
1087 1777 1362 1860 t'appticatiou.

136 1940 183 2006 Oe
210 1943 292 2004 sout
317 1939 352 2003 td
383 1939 443 2005 ates
470 1939 608 2022 formes
643 1939 686 2005 de
712 1941 880 2022 passiolos
914 1944 951 2005 et
981 1956 1137 2022 presque
1171 1938 1214 2004 de
1249 1937 1370 2003 mata·

131 2101 207 2166 dies
233 2119 299 2185 pue
329 2101 376 2166 tes
393 2104 522 2184 jeuues
547 2100 675 2165 tateuts
703 2099 852 2165 doivent
869 2117 1026 2182 presque
1051 2099 1364 2165 uecessairemeut

135 2266 347 2340 trauerser,·
375 2260 421 2326 its
451 2260 671 2326 deoieuueut
702 2259 871 2326 d'autcut
906 2261 990 2345 ptus
1018 2260 1122 2325 murs
1150 2260 1254 2342 pu'its
1283 2263 1364 2325 s’eu

134 2422 313 2505 depapeut
345 2422 428 2504 plus
455 2420 746 2504 completarum.
781 2421 835 2486 Oa
861 2437 908 2486 ue
941 2438 1044 2504 paese
1073 2422 1182 2503 potat
1214 2419 1364 2502 iudiffe·

134 2588 314 2649 remmeut
337 2599 422 2647 suus
449 2565 562 2648 doute
575 2600 651 2665 par
674 2599 731 2648 aes
751 2581 874 2647 divers
901 2582 1092 2666 spste'uees,·
1116 2600 1162 2646 ou
1184 2599 1230 2646 eu
1242 2580 1364 2664 parde

136 2745 196 2811 des
225 2745 470 2827 impressione,
500 2743 562 2809 des
592 2745 729 2820 teiutes,
756 2761 808 2807 uu
833 2743 916 2827 pti;
941 2745 1036 2807 mais
1074 2743 1171 2825 sudu
1208 2742 1278 2808 t'ou
1316 2760 1365 2806 eu

138 2910 227 2982 sort,
254 2904 378 2987 quand
405 2922 452 2969 ou
480 2922 504 2970 a
531 2922 583 2967 uu
611 2902 724 2969 tutent
751 2903 898 2986 capable
925 2903 968 2968 de
993 2902 1169 2967 maturite
1183 2923 1201 2963 n
1219 2905 1233 2983 (
1253 2904 1276 2983 ).

180 3064 257 3147 Qua
286 3068 399 3133 mente
425 3068 498 3132 erat
525 3063 599 3155 ipse
632 3068 666 3131 et
687 3063 850 3132 omnibus
880 3064 1031 3132 vinculis
1054 3062 1261 3132 emissus-
1279 3085 1362 3130 cum

137 3231 253 3294 tamen
285 3227 554 3315 agnoscerentur
595 3222 713 3313 aliqua
751 3246 766 3290 ‹
801 3222 927 3291 veteris
960 3223 1106 3313 vestigia
1141 3222 1289 3291 flammae
1323 3245 1357 3292 s.

137 3386 259 3474 ltaque
301 3383 487 3452 arbitratus
521 3385 573 3451 est
609 3381 832 3472 quaerendam
870 3404 945 3456 esse
984 3383 1021 3450 in
1061 3381 1183 3451 litteris
1212 3381 1361 3450 mediam

137 3545 231 3612 illam
284 3546 388 3630 viam,
435 3567 512 3634 quae
557 3547 655 3629 tunc,
691 3542 785 3633 quod
837 3543 880 3613 ad
935 3542 1185 3633 rempublicam
1227 3543 1358 3628 attinet,

138 3705 317 3774 dicebatur
342 3707 606 3793 juste-miliae.

182 3866 228 3937 Ut
270 3865 376 3957 igitur
426 3864 575 3935 mediam
618 3864 709 3931 viam
755 3863 938 3949 inveniret,
987 3863 1030 3930 ab
1076 3863 1144 3931 hoc
1194 3866 1357 3952 tempore,

139 4026 255 4096 enisus
285 4030 347 4095 est.
379 4021 515 4094 Etenim
545 4030 664 4093 totum
693 4023 958 4092 romantismum
985 4023 1127 4114 rejicere
1156 4045 1226 4090 non
1261 4022 1292 4090 ei
1323 4022 1358 4088 in

138 4192 252 4256 mente
282 4191 366 4271 erat,
404 4208 483 4254 cum
516 4185 595 4271 sibi,
628 4188 668 4254 ut
695 4184 745 4271 fit,
779 4184 974 4275 indulgeret
1012 4206 1076 4253 nec
1115 4184 1213 4253 lateri
1245 4187 1359 4274 posset

141 4371 177 4417 se
209 4348 351 4416 omnino
397 4346 576 4415 erravisse.
617 4346 778 4435 Insuper,
812 4365 892 4413 cum
933 4365 1031 4412 mens
1072 4342 1147 4434 ejus
1180 4342 1358 4433 praeceptis

190 4684 225 4745 (l)
239 4682 296 4732 Vide
308 4684 418 4732 Premiers
433 4683 528 4739 tundis,
545 4683 577 4744 ΙΙ,
594 4682 648 4735 828.
