2942 5100
656 443 816 509 ..23-

118 651 245 720 parum
272 626 479 697 intellexisse
521 630 644 698 merita
671 628 809 698 illorum
828 629 1146 698 'celeberrimorum
1179 631 1349 699 artificum

119 812 211 879 quos
262 811 298 857 se
340 788 468 856 imitari
521 789 778 879 profiterentur,
831 812 895 858 nec
933 812 1014 860 vere
1056 790 1132 859 illas
1174 789 1349 858 doctrinas

119 950 235 1040 sequi,
269 971 355 1040 quas
389 971 425 1017 se
455 949 567 1018 colere
599 949 839 1041 praedicarent.
874 951 1020 1042 Insuper
1053 955 1237 1042 praecepta,
1272 972 1349 1040 quae

119 1109 206 1178 artis
240 1109 407 1178 antistites
439 1109 585 1200 septimo
625 1108 758 1178 decimo
802 1108 918 1178 seculo
957 1111 1029 1179 nati
1066 1115 1126 1180 aut
1167 1111 1235 1202 ipsi
1270 1132 1351 1201 pro-

119 1267 371 1359 mulgavissent
406 1272 466 1337 aut
494 1270 536 1338 ab
570 1269 722 1360 antiquis
765 1270 991 1360 accepissent,
1019 1270 1073 1338 vel
1121 1270 1262 1340 illorum
1294 1269 1349 1338 vel

119 1431 360 1499 Romanorum
403 1427 671 1520 Graecorumque
723 1430 936 1522 temporibus
996 1431 1126 1521 aliquid
1186 1432 1349 1500 habuisse

120 1589 193 1680 apti
226 1593 304 1660 ete
337 1591 439 1659 certis
476 1590 683 1680 quibusdam
712 1591 826 1660 causis
859 1592 1067 1677 manavisse,
1107 1613 1184 1682 quae
1222 1591 1349 1660 nostris

118 1750 335 1840 temporibus
368 1773 440 1819 non
465 1751 539 1842 jam
567 1754 693 1822 essent.
724 1750 884 1821 Ceterum
913 1751 1047 1821 etiamsi
1075 1753 1111 1820 in
1145 1775 1185 1821 eo
1215 1753 1347 1844 decept'

120 1916 238 1980 essent
268 1913 362 2002 quod
391 1913 627 1983 existimarent
657 1913 752 2004 leges
785 1914 827 1982 de
858 1918 932 1984 arte
963 1914 1136 1983 scribendi
1174 1916 1210 1983 in
1247 1937 1349 1983 omne

119 2077 258 2166 tempus
282 2074 368 2142 latas
402 2097 489 2161 esse,
519 2075 597 2143 illos
625 2075 747 2144 saltem
779 2079 871 2144 recte
898 2076 1073 2167 putavisse
1108 2097 1178 2143 non
1212 2077 1288 2166 ipsa
1315 2079 1349 2143 et

120 2234 197 2302 sola
245 2233 361 2326 legum
410 2235 555 2304 istarum
601 2236 840 2304 observatione
886 2234 991 2303 scribi
1027 2257 1130 2324 posse
1177 2257 1264 2326 opus
1307 2257 1348 2304 ex

120 2395 215 2464 omni
249 2387 345 2486 parte
382 2395 584 2485 perfectum,
631 2400 664 2464 et
703 2394 843 2464 eosdem
877 2394 1056 2486 ingenium
1105 2417 1207 2463 suum
1250 2395 1349 2485 quasi

120 2556 330 2643 dictavisse,
362 2561 485 2625 natura
514 2561 547 2625 et
583 2558 686 2626 rebus
716 2560 816 2625 antea
843 2556 949 2647 gestis
983 2559 1017 2624 et
1049 2555 1147 2642 vita,
1165 2578 1209 2624 ne
1248 2553 1349 2645 plura

119 2717 248 2804 dicam,
294 2717 518 2787 observandis
566 2700 823 2807 imitandisque.
875 2716 1011 2784 Nostris
1054 2719 1176 2784 contra
1198 2720 1348 2819 ‘tempo-

118 2874 232 2965 ribus,
271 2876 356 2945 istos
396 2876 593 2968 suppositos
631 2875 904 2971 subditiciosqne
936 2874 1158 2944 classicorum
1205 2879 1348 2966 nepotes

119 3036 244 3106 iisdem
285 3037 418 3129 legibus
461 3038 564 3106 fidem
600 3035 786 3127 quamdam
822 3036 1097 3127 superstitiosam
1135 3037 1347 3127 adjunxisse,

119 3199 267 3291 illasque
324 3203 502 3291 tamquam
570 3198 718 3267 officinae
783 3198 1012 3267 instrumenta
1069 3198 1231 3268 habuisse
1295 3205 1345 3284 nt,

121 3363 262 3455 negotio
290 3361 401 3447 nullo,
438 3361 571 3428 fabulas
609 3359 759 3449 tragicas
793 3358 847 3427 vel
877 3359 1027 3428 comicas
1061 3364 1095 3428 et
1123 3361 1275 3429 carmina
1315 3365 1349 3429 et

121 3523 239 3615 elegos
289 3545 359 3590 non
406 3525 654 3612 componerent
695 3519 756 3589 sed
808 3521 924 3611 potius
970 3523 1046 3589 tuto
1082 3520 1345 3606 fabricarentur,

121 3684 249 3775 qnippe
292 3683 418 3773 quibus
462 3706 504 3751 ne
550 3681 703 3751 minimae
740 3682 879 3772 quidem
918 3685 1007 3751 esset
1049 3705 1141 3752 curae
1187 3686 1346 3752 naturam

121 3846 220 3936 sequi
253 3866 437 3935 rerumque
478 3843 740 3912 similitudinem
773 3842 948 3933 attingere.
983 3845 1052 3913 Eos
1092 3844 1241 3936 denique
1266 3846 1346 3938 plus

121 4028 228 4097 quam
260 4004 399 4073 militari
433 4003 626 4095 disciplinae
660 4027 696 4072 se
734 4004 1022 4095 constringendos
1049 4007 1244 4092 tradidisse,
1275 4033 1345 4079 non

121 4171 161 4237 ut
207 4166 300 4235 vires
341 4163 542 4256 colligerent
584 4164 709 4253 quibus
757 4163 887 4255 aliquid
924 4165 1106 4236 sublimius
1141 4169 1347 4259 perfectius-

122 4348 190 4416 que
215 4328 399 4408 tentarent,
437 4322 497 4391 sed
538 4327 578 4391 ut
614 4321 855 4393 tantummodo
898 4324 1029 4416 ingenii
1071 4326 1125 4395 sui
1168 4329 1347 4397 constricti

122 4485 269 4576 gloriam
313 4484 354 4575 (si
383 4488 472 4553 esset
504 4484 624 4575 gloria)
669 4489 946 4574 assequerentur.
986 4485 1049 4555 Cui
1083 4486 1248 4557 doctrinae
1289 4513 1348 4559 ne-

121 4667 190 4736 que
232 4645 500 4715 Salute-Beooe
546 4667 657 4735 neque
698 4644 800 4713 amici
839 4644 915 4734 ejus
955 4647 1087 4713 assensi
1131 4652 1224 4730 sunt,
1265 4673 1351 4738 quo-
