2942 5100
619 519 780 584 ...86-

134 704 170 762 Je
180 705 250 762 vais
271 709 424 779 pentetro
450 721 492 762 un
520 721 580 778 peu
607 713 678 779 trop
705 705 771 762 loin
793 722 831 763 en
858 705 1030 763 accordant
1056 708 1077 764 a
1100 723 1153 764 ces
1174 706 1314 764 illustres

78 830 254 904 Espagnols
273 830 367 887 untel
382 833 539 902 systbme3
553 832 573 886 b
586 831 729 904 l’cpoque
751 834 792 887 od
806 847 859 888 ces
882 848 983 905 peges
1009 833 1111 889 iurent
1130 832 1257 901 acrites,
1273 848 1314 888 on

78 955 236 1012 cherchait
246 971 285 1011 en
298 955 415 1012 Franco
430 957 449 1011 a
464 955 658 1012 coordonner
670 955 702 1012 la
716 956 835 1012 theoria
858 957 1067 1030 romantique‚
1088 956 1167 1013 alui
1185 965 1316 1014 trouver

77 1080 117 1137 de
132 1079 249 1154 grands
264 1079 447 1153 precedents
460 1079 669 1154 tl’etrangor3
685 1088 716 1137 et
731 1097 795 1138 aux
803 1083 1024 1155 superstitious
1035 1081 1129 1140 deLa
1140 1081 1258 1157 Harpe,
1270 1100 1312 1140 on

81 1210 134 1264 etit
147 1205 303 1263 substitue
318 1205 487 1264 volontiers
500 1205 546 1263 les
561 1207 682 1264 oracles
695 1204 753 1264 des
772 1206 913 1282 Schlegel
924 1207 983 1281 (1).

128 1520 295 1611 Denique,
345 1520 382 1588 in
438 1522 590 1588 extrema
643 1519 683 1589 de
740 1517 867 1588 fabulis
921 1518 1176 1606 dissertatione,
1208 1485 1314 1590 ¹cum

82 1681 207 1750 fabulae
240 1681 339 1772 quasi
362 1680 519 1750 addictus
543 1684 632 1750 esset
656 1679 712 1749 cui
732 1680 852 1750 titulus
888 1681 1088 1750 Oromwell
1123 1680 1312 1772 ceterisque

83 1851 210 1921 fabulis
235 1874 320 1942 quas
344 1855 453 1938 Huyo
482 1855 542 1919 aut
568 1853 810 1941 composuerat
836 1854 897 1918 ant
924 1871 1133 1941 componere
1153 1849 1314 1937 debebat,

85 2019 119 2081 et
169 2035 248 2082 cum
290 2011 591 2081 vehementissime
637 2015 777 2103 cuperet
823 2010 1125 2102 necessariumque
1162 2017 1315 2081 censeret

86 2174 202 2244 omnia
233 2175 269 2243 in
293 2195 398 2276 scena
425 2173 565 2259 mutari,
594 2173 727 2242 dixerat
752 2173 825 2242 fore
851 2177 891 2243 ut
909 2173 978 2242 hoc
1004 2195 1116 2266 genus
1140 2173 1314 2244 scribendi

84 2337 233 2421 floreret,
261 2334 321 2404 ubi
345 2333 496 2425 primum
516 2355 620 2403 scena
640 2332 782 2402 liberior
809 2331 900 2401 lacta
917 2338 1006 2401 esset
1033 2332 1178 2423 ejusque
1200 2331 1316 2402 aditus

88 2496 217 2566 scholae
244 2494 518 2585 romanticorum
553 2494 746 2587 patefactus
777 2499 878 2566 esset.
909 2493 1022 2565 Sceua
1055 2514 1136 2563 vero
1160 2493 1315 2585 prolecto

88 2657 228 2726 liberior
256 2657 347 2726 lacta
375 2662 428 2726 est
455 2656 598 2748 ejusque
623 2656 737 2726 aditus
761 2655 889 2725 scholae
915 2655 1188 2725 romanticorum
1218 2658 1317 2747 peto-

86 2818 226 2903 faotus;
271 2818 331 2887 sed
384 2816 612 2887 nihilominus
654 2838 732 2908 spes
766 2815 877 2886 critici
918 2820 969 2885 est
1012 2838 1195 2889 concussa.
1237 2817 1316 2887 Hoc

89 2983 205 3071 aperte
235 2978 360 3049 fatetur
385 3000 392 3049 :

142 3281 187 3339 llu
208 3282 347 3357 general,
368 3297 421 3338 cos
441 3279 600 3339 domitrcs
622 3296 722 3356 peges
743 3287 775 3337 et
787 3294 841 3336 ces
854 3279 1051 3338 conclusione
1064 3278 1105 3338 de
1115 3287 1205 3338 notre
1217 3301 1232 3334 ι
1246 3279 1319 3337 llis·

88 3410 168 3467 toire
181 3409 224 3466 du
238 3408 359 3465 theatro
374 3426 415 3465 au
429 3414 497 3465 xv1⁰
512 3407 605 3465 siecle
618 3428 633 3459 »
647 3423 682 3464 se
706 3415 882 3465 ressenteut
907 3407 981 3465 bien
1004 3407 1243 3465 naturallemeut
1256 3408 1316 3467 des

90 3533 637 3592 circonstanceslitterairesd'alors.
659 3533 718 3590 Les
744 3555 759 3586 «
774 3532 988 3590 Berricades»
1015 3541 1047 3591 et
1073 3533 1121 3590 les
1147 3517 1263 3591 «litats
1276 3534 1318 3592 de
1362 3522 1366 3526 ⁵

89 3661 175 3717 Blols
186 3680 211 3730 »‚
227 3661 256 3717 lo
272 3680 285 3713 ι
302 3660 436 3717 Theoti-o
459 3658 500 3716 de
527 3658 621 3716 Clara
648 3658 748 3715 Gazul
758 3677 786 3728 a,
800 3658 847 3715 les
860 3677 879 3714 «
892 3657 1017 3717 Soirees
1031 3659 1072 3716 de
1085 3658 1210 3733 Neuilly
1223 3678 1253 3731 u,
1266 3659 1315 3717 les

92 3787 219 3843 drames
228 3785 344 3842 inedita
359 3792 390 3842 et
403 3785 453 3841 lus
468 3784 507 3841 de
521 3784 566 3840 M.
585 3782 625 3840 de
637 3782 799 3852 Remusat
816 3784 845 3840 le
867 3800 885 3840 «
894 3784 1063 3842 Cromwell
1076 3802 1095 3841 »
1112 3783 1153 3843 de
1166 3786 1210 3842 M.
1225 3785 1318 3859 Engo

92 3920 123 3969 et
137 3912 184 3969 les
202 3910 371 3968 tentativos
393 3909 433 3967 de
449 3909 644 3967 traductione
669 3908 972 3984 shakespearieuues
989 3926 1028 3967 en
1050 3926 1132 3980 vers,
1147 3918 1215 3967 tout
1234 3927 1316 3968 nous

89 4036 235 4110 poussait
253 4038 274 4092 a
288 4035 387 4093 croire
401 4034 514 4108 qu’unc
528 4033 664 4092 certaine
677 4034 788 4092 liberte
800 4034 886 4092 seule
898 4035 1062 4108 manquait
1075 4051 1156 4109 pour
1167 4036 1273 4093 ouvrir
1287 4036 1318 4094 le

87 4161 210 4219 theatro
225 4159 287 4218 ala
300 4160 383 4217 ioulo
397 4160 454 4218 des
463 4163 574 4234 jannes
588 4159 704 4217 telents
718 4161 908 4233 cmpressts.
931 4160 1151 4234 L’experienoe
1168 4178 1189 4218 a
1203 4160 1318 4236 depuis

89 4288 205 4359 prouvo
217 4286 292 4361 qu’il
305 4285 470 4359 manquait
487 4293 577 4344 autre
590 4285 685 4343 chose
698 4300 810 4343 encore
824 4284 886 4360 (2).

138 4642 173 4703 (l)
187 4640 245 4689 Vide
259 4641 292 4698 G,
301 4640 364 4691 2³0
377 4648 401 4691 ct
410 4640 491 4692 adnot.
500 4647 524 4692 ot
543 4642 577 4706 L,
590 4643 611 4702 l,
627 4642 689 4695 400
701 4644 782 4696 adnot.

138 4750 171 4813 (2)
183 4751 241 4801 Vlda
254 4753 287 4815 G,
298 4752 372 4803 285.
