2942 5100
588 525 629 538 -
649 494 689 560 36
709 525 750 537 ..

56 698 141 766 quas
188 677 385 745 Meliterbe
428 675 473 742 in'
502 678 574 743 arte
625 654 852 744 versificandi*
886 674 981 761 lecit,
1011 674 1157 744 minoris
1203 697 1281 744 esse

56 837 222 906 momenti
246 837 346 927 ponit
379 858 484 926 quam
518 840 698 904 censuerat
729 837 899 919 Botleau,
930 859 951 902 a
983 835 1126 904 classico
1160 837 1281 905 critico

55 994 90 1060 in
124 994 191 1062 hoc
225 993 338 1062 solum
376 993 518 1062 dissidet
552 993 644 1084 quod
682 998 784 1084 negat
808 993 975 1084 quasdam
1002 993 1109 1061 lactas
1141 1015 1215 1063 esse
1247 999 1282 1063 et

55 1154 148 1244 quod
182 1159 280 1245 putat
308 1155 427 1222 inanes
452 1155 559 1223 fuisse
587 1177 708 1224 causas
737 1177 800 1222 cur
827 1152 986 1245 quaedam
1015 1156 1100 1243 (non
1133 1176 1278 1223 omnes:

53 1320 187 1383 tantum
212 1316 309 1383 abest
323 1315 345 1406 l)
376 1315 474 1384 iactae
504 1315 584 1385 sint.
621 1317 708 1384 Item
734 1316 777 1401 si,
809 1314 851 1383 de
883 1314 1057 1384 vocalium
1091 1337 1278 1401 concursu,

52 1475 202 1584 quodam
230 1474 334 1544 modo
363 1479 525 1544 extenuat
557 1476 649 1567 leges
671 1475 812 1563 strictas
840 1475 877 1542 in
904 1477 997 1544 Arte
1011 1478 1161 1561 poetica
1179 1475 1278 1559 latas,

54 1642 232 1708 auctorem
272 1638 337 1705 sibi
365 1637 502 1727 praefert
535 1659 605 1706 non
634 1636 818 1726 quemdam
852 1659 870 1704 e
901 1637 1000 1705 novis
1038 1635 1278 1727 scriptoribus

51 1797 110 1866 sed
168 1820 302 1866 merum
355 1798 537 1886 classicum
584 1801 623 1866 ut
668 1801 722 1866 La
772 1801 957 1866 Fonteiae
995 1820 1002 1864 :
1052 1797 1138 1866 adde
1187 1796 1279 1887 quod

52 1964 229 2028 auctorem
284 1981 513 2029 annumerare
563 1959 688 2027 licebat
733 1959 766 2026 ei
809 1957 981 2027 comicum
1030 1958 1189 2027 Molidre
1231 1960 1280 2047 (at

49 2120 162 2210 reipsa
198 2112 437 2188 annumeravit
470 2120 602 2211 postea)
632 2120 681 2209 (l)
697 2141 737 2190 ac
766 2119 912 2209 denique
943 2119 1107 2188 obtestari
1141 2122 1277 2210 poterat

54 2279 96 2370 (si
128 2277 306 2364 voluisset,
353 2281 412 2347 aut
453 2276 598 2346 fortasse
632 2276 661 2344 si
690 2276 758 2364 hoc
777 2280 930 2367 tempore
963 2276 1061 2346 locus
1079 2276 1203 2346 luisset
1234 2275 1277 2342 ab

49 2462 88 2508 eo
124 2441 242 2529 notus)
281 2439 440 2507 criticum
475 2441 704 2508 Marmontel
737 2439 799 2528 (2),
837 2479 882 2489 -
920 2461 1024 2529 quem
1062 2460 1146 2507 sane
1183 2437 1278 2508 haud

50 2600 239 2671 contendas
302 2621 382 2670 cum
435 2598 652 2690 ephemeride
703 2602 757 2667 La
817 2601 922 2669 Musa
972 2604 1165 2687 franpaiae
1218 2604 1280 2668 aut

53 2761 244 2831 romantico
293 2722 477 2830 Candaule
517 2759 745 2828 consensisse.
785 2760 886 2842 Quod
924 2765 1040 2829 autem
1077 2762 1198 2830 attinet
1233 2761 1279 2829 ad

49 2946 171 2992 versus
196 2922 288 2990 ultra
315 2921 441 2989 limites
478 2942 560 2989 suos
597 2911 757 2991 salientes
796 2925 856 2989 aut
887 2922 1043 2991 vocalem
1080 2922 1220 2992 surdam
1258 2944 1279 2992 e

49 3066 256 3168 elidendam,
296 3083 387 3152 sicut
407 3083 564 3152 Boileau
595 3081 680 3172 ipse,
715 3086 750 3150 et
786 3082 860 3150 siue
890 3082 970 3150 ullis
1003 3081 1276 3173 exceptionibus,

47 3248 140 3338 leges
170 3269 190 3313 a
225 3244 422 3313 Matherbe
457 3242 544 3311 latas
584 3241 747 3332 suffragio
790 3264 854 3311 suo
903 3243 1117 3334 comprobat,
1151 3242 1199 3311 ita
1237 3247 1279 3312 ut

48 3405 227 3475 sententiae
255 3404 329 3495 ejus
354 3402 454 3473 valde
482 3401 691 3471 delectarent
722 3424 782 3470 eos
814 3403 940 3492 quibus
971 3425 1071 3471 novae
1107 3403 1279 3473 romanti-

51 3588 173 3635 corum
209 3562 376 3634 doctrinae
408 3585 512 3653 quam
540 3562 688 3630 maxime
717 3561 949 3653 displicerent.

95 3726 268 3808 Quattuor
301 3724 375 3815 jam
407 3722 585 3792 mensibus
618 3721 824 3812 interjectis,
858 3724 1129 3795 Salate-Bautae
1160 3724 1277 3794 iniis-

48 3887 127 3956 dem
180 3884 347 3955 doctrinis
387 3881 619 3975 permansisse
655 3881 805 3952 videtur.
850 3883 953 3967 Nam,
1006 3905 1102 3971 cum,
1152 3888 1277 3975 quarto

51 4047 184 4118 decimo
228 4046 283 4116 die
327 4044 456 4115 mensis
502 4042 680 4130 Quintilis,
707 4044 830 4113 seriem
868 4066 969 4113 orsus
1010 4049 1063 4115 est
1112 4045 1277 4116 undecim

114 4602 147 4665 (r)
168 4601 224 4651 vnn
238 4600 269 4664 a,
284 4602 339 4661 ns,
353 4602 385 4660 c,
400 4599 461 4652 aaa
478 4606 502 4650 a
514 4601 548 4665 n,
558 4602 578 4665 1,
593 4602 663 4655 2⁶7.

109 4716 144 4779 (a)
157 4714 216 4766 rua
