2942 5100
625 487 786 551 ...79-

144 672 235 729 Ainsi
256 672 298 729 du
324 680 391 730 mot
415 672 455 730 de
472 673 570 746 Bayle
596 689 650 729 sur
664 673 769 728 Marot
785 689 793 728 :
809 690 828 727 «
846 670 906 729 Les
935 673 1043 745 poetes
1070 671 1110 728 de
1135 671 1167 728 la
1190 670 1317 728 Pleiade

96 798 218 856 sontde
231 798 279 856 fer
302 815 341 856 en
368 798 589 871 comparaison
616 796 656 853 de
682 796 815 854 celui-le.
845 796 947 864 »Oui‚
974 797 1003 853 si
1030 813 1071 853 on
1097 796 1144 852 les
1169 803 1319 869 parcourt

95 924 203 981 alivre
216 931 328 981 ouvert
342 932 373 982 et
387 924 590 999 legerement;
612 940 685 992 non,
700 922 728 979 si
742 939 783 980 on
802 939 840 979 en
861 922 946 979 brise
969 921 1097 979 l’dcoree
1116 930 1147 979 et
1165 922 1258 996 qu’on
1269 922 1316 979 les
1331 956 1333 959 -

96 1049 225 1124 etudie(
244 1050 266 1120 ).

137 1281 334 1350 Romantiei
367 1280 516 1372 denique
543 1281 579 1350 in
609 1280 766 1366 modum,
783 1280 884 1370 juvat
905 1302 985 1350 eum
1018 1301 1209 1348 memorare
1241 1303 1318 1371 quae

98 1443 160 1511 sibi
188 1443 273 1511 vitio
312 1444 355 1511 ab
382 1445 545 1528 impare
589 1463 690 1510 versa
727 1408 837 1508 sint:
881 1440 980 1530 quasi
1014 1462 1117 1509 suum
1145 1443 1320 1511 Romaest

98 1627 165 1673 non
199 1603 283 1672 satis
322 1625 530 1695 magnopere
558 1601 768 1672 laudavisset
793 1602 863 1690 (2);
890 1604 951 1669 aut
980 1621 1150 1690 exponere
1181 1622 1320 1669 summo

99 1787 175 1834 cum
222 1765 340 1833 lavore
384 1762 552 1854 quidquid
588 1765 687 1831 vetus
734 1765 837 1852 poeta
881 1761 923 1829 de
956 1759 1089 1831 Gallica
1136 1760 1234 1850 poesi
1288 1765 1323 1828 et

99 1922 211 1993 soluta
250 1924 405 1992 oratione
436 1921 655 1991 secernendis
684 1921 881 1990 sensisset:

148 2173 295 2230 Ronsard
320 2173 418 2230 tenait
440 2179 537 2230 avant
549 2179 619 2228 tout
639 2173 659 2227 a
684 2172 881 2243 marquer‚a
912 2168 1025 2226 diablir
1057 2170 1089 2225 la
1115 2169 1321 2227 delinritation

100 2307 184 2357 entre
213 2299 245 2356 la
267 2298 374 2371 poesie
401 2305 433 2354 et
456 2298 489 2354 la
514 2314 606 2370 prose
628 2296 786 2368 lranqaise
806 2313 813 2353 :
833 2296 855 2352 il
878 2297 924 2354 les
945 2295 1069 2370 appelle
1092 2297 1226 2370 quelque
1250 2304 1325 2369 part

99 2425 179 2481 deux
194 2424 353 2481 mortelles
368 2423 537 2481 ennemies.
552 2422 637 2480 G'est
662 2423 690 2478 le
710 2421 862 2478 eontraire
875 2420 915 2479 de
928 2421 960 2478 la
981 2420 1100 2478 theoria
1118 2421 1158 2479 de
1172 2421 1322 2490 Voltaire,

97 2550 230 2623 laquelle
256 2566 276 2605 a
301 2548 442 2622 prevalu.
469 2546 702 2605 «Voulenvous
724 2547 831 2603 savoir
856 2546 884 2602 si
903 2510 960 2603 des
989 2563 1060 2603 vers
1093 2546 1230 2617 tranqais
1252 2554 1324 2603 sont

98 2676 204 2733 bons?
218 2683 329 2732 metten
342 2675 388 2731 les
404 2691 442 2731 en
456 2690 560 2748 prose.
582 2672 787 2730 Voulenvous
810 2671 917 2729 savoir
939 2672 967 2727 si
978 2688 1019 2728 un
1036 2673 1174 2729 cavalier
1196 2673 1322 2730 esthon

100 2800 236 2857 cavalier
248 2801 266 2857 ‘l
279 2799 431 2856 metten-le
447 2800 467 2854 a
481 2798 567 2871 pied.
589 2819 602 2850 a
626 2797 772 2855 Ronsard
785 2797 904 2853 voulait
917 2796 996 2853 faire
1011 2797 1050 2853 de
1072 2797 1103 2852 la
1117 2798 1225 2870 poesie
1239 2798 1324 2871 quel-

101 2925 195 2981 chose
205 2925 245 2982 de
263 2924 456 2997 superieurd
470 2923 502 2980 la
521 2939 617 2997 prose
629 2930 660 2979 et
677 2922 717 2978 de
736 2929 805 2978 tout
827 2919 993 2978 different:
1013 2922 1100 2979 iln’a
1117 2939 1178 2995 pes
1203 2922 1319 2978 reussi.

100 3053 143 3105 La
157 3035 272 3123 langue
294 3048 441 3122 poetique
460 3047 616 3118 franpaise
632 3046 683 3103 n’a
705 3046 823 3119 jamnis
850 3063 893 3118 pu
913 3063 973 3119 par
985 3055 1116 3119 rapport
1143 3048 1163 3101 a
1184 3046 1216 3102 la
1230 3064 1326 3120 prose

101 3175 228 3232 devenir
239 3192 283 3232 un
297 3173 423 3242 balcon3
441 3173 512 3230 ehez
527 3172 697 3239 Matherbe‚
713 3171 786 3228 ehez
799 3170 939 3240 Bodeau,
959 3171 1017 3229 elle
1029 3171 1109 3229 n’est
1121 3179 1191 3228 tout
1206 3172 1326 3245 euplus

102 3300 195 3373 qu’un
206 3300 339 3357 trottor'r.
356 3300 400 3355 En
410 3298 535 3371 parlant
550 3297 641 3365 ainsi,
660 3299 692 3371 je
704 3297 772 3353 suis
793 3296 876 3353 tente
891 3300 912 3353 a
925 3295 1049 3370 chaque
1064 3304 1131 3352 mot
1145 3296 1185 3353 de
1200 3296 1327 3354 deman-

102 3427 156 3483 der
170 3424 294 3498 pardon
304 3423 344 3481 de
355 3424 387 3480 la
407 3422 514 3480 liberte
527 3422 650 3497 grande
659 3421 710 3494 (3).

144 3688 214 3758 Sed
243 3686 273 3755 si
310 3686 388 3785 quis
422 3682 606 3776 perlegerit
642 3683 708 3752 hos
734 3704 855 3750 omnes
887 3682 982 3751 locos
1027 3681 1154 3771 quibus
1184 3692 1325 3757 Saieta-

103 3856 220 3919 Beuoe
248 3850 427 3934 tamquam
459 3842 691 3910 romantioum
727 3862 763 3908 se
796 3839 950 3930 gesserit,
974 3840 1069 3908 hune
1101 3840 1195 3908 haud
1216 3840 1326 3931 fugiet

104 4029 190 4097 quos
223 4006 314 4073 intra
353 4004 438 4072 fines
473 4002 615 4071 criticus
658 3999 774 4070 studia
803 4000 995 4069 romantiea
1033 4000 1196 4090 coegerit.
1231 3998 1327 4068 Nihil

105 4167 258 4257 profecto
286 4165 328 4234 de
357 4163 518 4232 laudibus
543 4160 692 4229 detrahit
721 4159 848 4248 quibus
873 4164 974 4228 antea
993 4163 1132 4251 poetam
1154 4160 1330 4230 Eousard

169 4498 204 4561 (l)
221 4496 279 4547 lida
293 4494 325 4559 0,
340 4494 381 4547 'zo
392 4493 472 4544 adnot
489 4500 512 4543 et
526 4492 561 4551 Ιι,
578 4491 599 4551 l,
616 4488 686 4553 1³2,
702 4487 783 4539 adnot.

169 4613 201 4677 (2)
218 4613 275 4663 Vide
288 4613 322 4676 G,
339 4612 379 4663 70
390 4609 470 4660 adnot.
481 4617 505 4659 at
521 4610 555 4670 L,
570 4609 590 4665 1,
605 4606 666 4657 134
683 4606 763 4655 adnot.

166 4728 200 4793 (3)
217 4728 275 4779 vida
285 4729 317 4792 G,
333 4727 374 4778 77
391 4726 472 4776 adnot.
483 4731 507 4773 et
518 4723 552 4783 Ιι,
567 4723 586 4781 1,
599 4721 660 4772 135
672 4721 753 4770 adnot.
824 4731 830 4741 “
